3396 5422
252 394 391 451 LXXXIV
777 392 993 448 PRAEFATIO.

341 559 570 625 Duodecimi
601 557 719 624 saeculi
744 560 794 621 est
818 557 916 621 codex
940 555 1188 622 Monacensis
1215 558 1335 643 18059,
1360 559 1439 622 olim
1462 560 1529 624 Te-

253 669 503 756 gernseensis
536 668 592 751 59,
625 689 663 732 ex
696 666 761 729 233
790 665 986 729 membranis
1019 665 1143 730 formae
1176 666 1336 730 maximae
1368 670 1530 746 constans,
1606 656 1611 661 ’

254 799 391 861 quarum
417 776 480 840 162
504 775 628 858 priores
648 770 751 837 Servii
769 773 1051 856 commentarium,
1073 773 1216 858 reliquae
1235 770 1358 837 Donati
1376 773 1479 840 vitam
1498 779 1531 840 et

255 881 427 947 Octaviani
440 881 496 964 qui
510 880 659 944 feruntur
673 900 799 961 versus,
813 876 953 962 Vergilii
967 878 1135 962 bucolica,
1157 880 1322 964 georgica,
1345 878 1531 966 Aeneidem,

255 989 429 1071 Moratum,
460 986 695 1070 Maecenatem,
724 984 892 1068 Priapeia,
923 983 1047 1070 Copam
1082 985 1214 1051 habent.
1264 987 1422 1072 inscripta
1455 993 1532 1053 sunt

255 1094 487 1161 commentario
511 1111 641 1159 11111111
663 1109 850 1160 nxrosrrro
879 1109 994 1158 snnvn
1022 1109 1238 1159 onnunmcr
1266 1112 1304 1158 ru
1330 1112 1531 1161 nvconrcou

165 1250 169 1255 -
255 1223 299 1268 nr
315 1222 352 1267 nv
366 1219 497 1266 nrnnvn
511 1216 713 1268 enonsreon
727 1218 844 1278 nrovn
857 1217 1059 1265 nnunnnvu.
1089 1222 1171 1284 quae
1180 1200 1245 1284 ipsi
1259 1201 1387 1266 librarii
1397 1203 1532 1286 scripse·

255 1315 345 1395 runt,
368 1331 444 1374 nam
467 1330 533 1373 non
556 1308 596 1371 ab
621 1329 684 1371 uno
709 1306 810 1372 codex
829 1310 979 1372 exaratus
1006 1310 1067 1392 est,
1091 1330 1165 1372 eum
1187 1305 1354 1393 Lipsiensi·
1374 1312 1407 1373 et
1431 1308 1532 1373 Ham-

256 1417 411 1503 burgensi
434 1417 622 1499 plerumque
647 1415 865 1498 consentiunt,
888 1415 916 1478 is
940 1415 995 1497 qui
1019 1436 1056 1478 ea
1075 1415 1217 1479 correxit
1236 1417 1292 1479 aut
1314 1416 1387 1498 ipso
1412 1415 1533 1480 1111111-

257 1525 350 1611 gensi
374 1527 430 1588 aut
453 1523 537 1586 libro
562 1521 631 1585 eius
660 1521 760 1585 simili
783 1543 860 1585 usus
890 1525 950 1586 est.
992 1522 1115 1586 contuli
1143 1542 1216 1586 oum
1243 1521 1306 1587 hoc
1329 1522 1437 1587 codice
1460 1545 1533 1607 par·

256 1632 374 1698 ticulas
399 1629 554 1714 quasdam
582 1628 616 1692 in
640 1629 782 1712 primum
810 1628 964 1693 Aeneidis
992 1629 1112 1692 librum
1140 1629 1374 1713 commentarii,
1403 1629 1534 1694 secundi

258 1744 291 1804 et
318 1737 409 1803 tertii
435 1735 511 1800 libri
542 1735 810 1799 commentarium
839 1738 955 1800 totum.
989 1771 1026 1780 —
1058 1736 1139 1819 ipsis
1169 1735 1309 1820 Vergilii
1336 1736 1534 1800 carminibus

256 1847 341 1911 inter
364 1866 474 1908 versus
499 1844 628 1926 glossae
651 1844 684 1905 et
709 1842 995 1925 interpretationes
1017 1842 1224 1926 paucissimis
1253 1843 1363 1907 verbis
1392 1864 1535 1926 compre·

257 1953 392 2034 hensae,
414 1950 448 2014 in
472 1949 673 2033 marginibus
693 1948 851 2032 ampliora
870 1947 992 2013 scholia
1007 1948 1172 2033 adscripta
1187 1953 1271 2014 sunt.
1303 1949 1388 2013 inter
1407 1949 1534 2034 glossas

259 2059 347 2125 haud
369 2078 489 2142 paucas
508 2055 647 2119 inveniri
669 2076 785 2120 moneo
811 2056 1022 2139 germanicas.
1064 2055 1187 2121 scholia
1201 2059 1310 2121 autem
1334 2077 1371 2121 eo
1395 2057 1535 2122 maxime

261 2166 397 2232 consilio
414 2162 594 2227 examinavi
608 2161 735 2247 nequid
750 2161 979 2246 neglegeretur
994 2162 1078 2246 quod
1094 2162 1134 2227 ad
1145 2160 1336 2228 Servianum
1351 2166 1408 2227 aut
1423 2163 1462 2227 ad
1472 2162 1536 2227 Da·

259 2273 417 2339 nielinum
428 2269 698 2335 commentarium
714 2268 950 2333 emendandum
965 2270 1046 2334 utile
1061 2273 1154 2335 esset.
1179 2273 1277 2354 atque
1287 2274 1413 2354 partem
1425 2294 1536 2337 eorum

261 2379 408 2463 eServii,
430 2379 556 2462 partem
580 2397 596 2439 e
616 2373 738 2440 Tiberii
757 2374 878 2440 Donati
902 2377 1003 2459 copiis
1027 2376 1208 2442 derivatam
1223 2400 1293 2444 esse
1308 2377 1456 2463 cognovi.
1480 2378 1536 2443 sed

262 2486 401 2552 aliorum
424 2484 523 2549 etiam
546 2483 760 2568 interpretum
784 2487 967 2548 commenta
993 2483 1120 2548 videtur
1147 2485 1175 2549 is
1204 2485 1259 2568 qui
1286 2485 1349 2551 hoe
1376 2508 1537 2551 commen·

260 2594 415 2658 tariolum
438 2590 621 2674 composuit
643 2590 679 2653 in
702 2611 796 2653 suum
818 2611 912 2654 usum
942 2591 1154 2677 convertisse,
1181 2592 1283 2656 veluti
1310 2592 1396 2678 quod
1418 2592 1499 2658 Aen.
1521 2593 1537 2657 Ι

261 2702 302 2766 27
329 2699 459 2765 Servius
482 2697 604 2762 multos
627 2697 727 2761 verba
751 2718 833 2780 quae
857 2699 933 2760 sunt
961 2695 1168 2782 ‘spretaeque
1191 2699 1311 2764 iniuria
1333 2699 1472 2765 formae'
1497 2700 1538 2764 ad

262 2806 474 2891 Antigonam,
496 2803 727 2870 Laomedontis
745 2804 861 2889 filiam,
884 2804 1034 2869 retulisse
1058 2805 1149 2890 dicit,
1177 2829 1215 2872 ea
1237 2807 1352 2872 fabula
1374 2807 1469 2890 plene
1493 2810 1538 2871 at·

264 2936 325 2998 que
358 2913 479 3005 eisdem
508 2912 575 2977 fere
605 2910 726 2992 verbis,
757 2909 872 2994 quibus
903 2910 1163 2994 mythographus
1191 2911 1207 2975 I
1236 2911 1301 2976 fab.
1336 2913 1398 2977 179
1426 2914 1539 2998 utitur,

262 3024 396 3085 narrata
418 3021 476 3083 est.
517 3018 551 3083 in
575 3017 714 3083 secundo
738 3038 863 3101 quoque
886 3017 970 3081 libro
995 3014 1050 3103 (ad
1073 3041 1102 3082 v.
1120 3018 1169 3103 15,
1188 3020 1240 3104 21,
1258 3021 1311 3099 21,
1332 3018 1388 3105 79)
1411 3020 1538 3085 fabulas

264 3129 302 3192 de
327 3148 407 3210 equo
432 3124 590 3207 Troiano,
615 3125 653 3189 de
676 3124 776 3203 Tene,
799 3124 837 3188 de
861 3123 1070 3189 Doriensium
1097 3127 1226 3212 itinere,
1254 3128 1293 3191 de
1317 3125 1468 3212 Sinone¹)
1492 3129 1539 3192 111

264 3233 427 3318 expositas
459 3252 529 3296 esse
559 3231 639 3316 vidi,
668 3235 707 3296 ut
729 3253 749 3296 a
772 3231 877 3321 doctis
903 3232 1089 3298 auctoribus
1120 3256 1179 3298 sua
1208 3234 1362 3318 petivisse
1393 3233 1539 3298 videatur

262 3395 475 3404 -ψ

336 3481 362 3549 1)
382 3480 419 3534 od
437 3495 461 3533 v.
482 3483 515 3533 15
536 3477 689 3534 ‘aractinus
709 3477 778 3532 dicit
791 3477 874 3532 fuisse
892 3476 922 3530 in
936 3477 1113 3548 longitudine
1127 3479 1213 3550 pedes
1229 3522 1235 3534 .
1251 3479 1280 3534 G.
1300 3482 1330 3535 11
1342 3479 1372 3534 in
1390 3479 1540 3535 latitudine

264 3561 358 3630 pedes.
377 3560 396 3613 b
415 3559 475 3615 eius
494 3558 531 3612 ad
549 3559 668 3614 caudam
687 3561 716 3613 et
735 3556 827 3627 genua
844 3557 961 3612 mobilia
984 3558 1069 3614 fuisse
1088 3559 1226 3615 tradidit'.
1264 3561 1308 3615 od.
1328 3578 1352 3614 o.
1372 3566 1404 3614 11
1427 3559 1540 3630 ‘gignus

263 3641 382 3710 neptuni
400 3639 475 3693 filius
494 3654 528 3693 ex
546 3638 652 3708 prodea
670 3637 743 3692 filios
767 3636 866 3693 habuit
888 3637 1013 3693 tenidem
1033 3640 1062 3693 et
1080 3639 1221 3695 dunetem.
1258 3641 1289 3695 hi
1312 3641 1470 3696 habuerunt
1493 3657 1540 3694 no·

264 3736 378 3775 neroum
396 3719 551 3788 polipham.
572 3735 642 3787 quae
662 3735 725 3773 cum
743 3717 867 3772 tenidem
886 3718 991 3772 inceste
1006 3721 1116 3773 amaret
1129 3722 1159 3774 et
1177 3721 1355 3790 obstruptum
1373 3737 1429 3776 non
1447 3722 1543 3790 posset

265 3798 408 3853 intendere
428 3799 502 3852 ultro
523 3799 598 3867 apud
616 3800 726 3867 patrem
745 3797 825 3851 illum
846 3797 993 3852 criminata
1012 3799 1063 3852 111.
1100 3799 1149 3853 1111
1163 3801 1278 3856 teniden
1297 3818 1364 3856 arca
1380 3799 1496 3855 inclusit
1514 3802 1543 3855 11

266 3895 388 3933 sororem
409 3894 480 3946 quae
500 3878 668 3946 sequebatur
682 3880 779 3948 sponte
789 3877 904 3932 fratrem
920 3877 950 3931 in
964 3894 1040 3931 mare
1056 3876 1167 3933 abiecit.
1196 3884 1337 3949 neptunus
1351 3882 1446 3935 autem
1460 3896 1543 3950 opem

265 3957 459 4013 innocentibus
480 3958 577 4011 attulit
594 3960 623 4012 et
641 3959 677 4012 ad
695 3958 816 4012 insulam
835 3973 907 4027 quae
930 3959 975 4012 leo
995 3958 1092 4028 eaprix
1110 3962 1229 4015 uocatur
1251 3961 1363 4031 appulit
1381 3977 1483 4029 easque
1501 3963 1542 4014 11-

265 4039 346 4093 nidos
365 4037 542 4092 nominavit’.
577 4040 621 4107 (cf.
641 4039 764 4093 Pausoa.
779 4039 805 4092 X
821 4044 862 4105 14,
880 4041 978 4108 lsqq.).
1012 4040 1056 4094 od.
1076 4046 1150 4095 1117
1167 4041 1259 4096 ‘dorix
1277 4042 1393 4110 neptuni
1411 4044 1543 4096 11111111-

265 4118 351 4189 lippis
370 4118 444 4172 lilius
464 4135 481 4172 a
499 4135 554 4186 quo
575 4117 664 4172 dorici
681 4117 868 4172 nominantur.
902 4118 933 4171 hi
951 4118 1071 4188 primum
1090 4119 1164 4175 inter
1188 4119 1245 4176 alia
1267 4120 1394 4175 subiecta
1413 4122 1470 4191 (lep.
1491 4123 1542 4175 snb

268 4200 349 4269 Oeta)
367 4199 464 4252 monte
488 4197 632 4252 domicilia
655 4199 814 4253 habuerunt
831 4200 930 4268 postea
948 4199 1104 4254 moniciora
1123 4200 1199 4255 culta
1219 4202 1278 4270 (lep.
1298 4199 1399 4254 moniti
1417 4199 1542 4269 oraculo)

267 4277 401 4349 apollinis
419 4277 611 4347 pilopensibus
629 4279 800 4333 transierunt
816 4278 912 4348 ibique
935 4278 1016 4333 iectis
1040 4280 1216 4348 (sorduistis
1240 4281 1282 4335 vel
1304 4278 1446 4346 subiectis)
1471 4280 1543 4349 pilo-

270 4359 401 4430 pensibus
420 4358 604 4412 manserunt'.
641 4359 678 4416 ud
700 4363 774 4413 119
796 4357 852 4412 ‘his
871 4359 957 4413 sionis
976 4361 1034 4430 (lep.
1058 4361 1105 4415 hic
1123 4360 1239 4427 Aesimi)
1258 4357 1332 4413 filins
1350 4357 1420 4412 ulixi
1439 4361 1543 4413 111111-

269 4438 352 4510 guina
381 4441 410 4493 et
432 4437 561 4492 manibus
588 4437 700 4492 iunctus
728 4438 836 4508 ciprum
859 4439 979 4493 insulam
1007 4439 1108 4495 missus
1136 4443 1168 4494 ut
1194 4439 1313 4493 adonem
1340 4437 1455 4492 fluuium
1484 4441 1542 4508 (lep.

267 4519 367 4588 filium)
386 4518 470 4573 euriti
487 4519 562 4589 regis
587 4517 749 4572 sidonorum
769 4517 807 4573 ad
829 4518 936 4574 bellurn
958 4520 1048 4577 troiae
1071 4521 1185 4575 duceret
1207 4521 1244 4578 et,
1257 4517 1419 4587 inpediente
1443 4525 1543 4574 uenere

269 4620 341 4670 quae
361 4602 450 4656 adone
470 4599 609 4670 diligebat
632 4599 669 4652 ad
692 4604 760 4653 euru
783 4599 930 4655 filiothelei
957 4600 1044 4656 fluuii
1069 4603 1143 4668 (sort.
1172 4599 1207 4653 ad
1230 4597 1403 4668 Eurypylum
1427 4598 1544 4668 Telephi

269 4681 507 4748 liliumcfiDict.
529 4679 689 4747 0111115)
717 4679 796 4733 uenit
824 4698 841 4735 a
868 4698 923 4750 quo
947 4682 1110 4737 uulneratus
1133 4680 1227 4734 estet
1250 4679 1323 4744 (sort.
1347 4681 1389 4748 ut)
1414 4677 1473 4733 sine
1496 4679 1545 4748 gli,

269 4762 315 4828 (=
336 4761 438 4830 gloria)
458 4764 542 4816 esset.
571 4758 678 4830 graecis
694 4759 791 4814 dolum
806 4759 1007 4817 instruentibus
1026 4777 1056 4816 11
1074 4757 1178 4815 obtulit
1191 4757 1240 4829 qui
1253 4760 1377 4814 troianos
1397 4759 1545 4814 mandatus

267 4839 430 4897 infalleret’.
