3396 5422
261 373 426 428 LXXXVIII
789 371 1006 427 PRAEFATIO.

264 539 513 604 commentarius
536 537 569 601 in
594 537 748 620 georgica
771 536 956 601 continetur
979 553 1109 601 lucn’rr
1128 553 1234 599 alneu
1257 553 1385 601 Pnlnvs
1409 553 1539 602 texens·

261 663 443 712 urrrouvn
468 659 670 710 axonoucou
702 643 854 726 Virmlms
876 643 911 707 m
933 643 1073 725 operibus
1094 642 1160 708 mes
1187 643 1324 707 dimersos
1350 648 1469 708 secmm
1495 651 1540 711 est

256 758 374 839 poetas.
418 754 576 818 homerum
607 752 643 815 m
669 751 801 815 ommde
827 770 916 832 pamm
948 750 1016 815 lieet
1046 751 1133 833 lmpo
1161 749 1325 814 euersam
1351 756 1470 815 semme
1496 758 1540 817 est

261 865 364 925 temen
388 912 394 925 .
419 911 426 924 .
450 911 457 926 .
480 861 667 942 semptemm
694 878 797 922 remm
825 862 979 922 exsecutus
1005 862 1050 922 est
1071 857 1203 921 ntalem.
1244 874 1409 922 excursus
1433 875 1537 924 umus

262 984 591 1047 ornamentorum
615 983 721 1030 mern
744 982 869 1030 seruus
893 981 1077 1030 cremnos.
1122 964 1165 1027 In
1192 965 1377 1047 empommdc's
1403 969 1537 1030 emtore

261 1077 317 1141 bos
338 1075 412 1141 hoec
433 1075 656 1141 mmsideromdo
678 1078 752 1138 sumt
774 1122 780 1136 .
800 1123 807 1135 .
827 1120 834 1135 .
857 1071 913 1137 fol.
939 1069 1017 1136 reeb
1040 1076 1173 1135 moturae
1195 1071 1256 1154 lece
1275 1076 1397 1154 poteret
1418 1074 1462 1138 sic
1484 1073 1536 1138 lco-

262 1204 364 1248 mems
391 1200 556 1247 uxrurcrr
585 1197 771 1247 uxroslrlo
800 1197 916 1244 sunvn
949 1196 1168 1244 anmnarlcl
1199 1197 1238 1242 ue
1264 1196 1465 1245 nvcoulcou
1491 1199 1536 1245 nr

262 1307 375 1357 merus
400 1307 604 1355 cuoaomou
627 1306 743 1366 crovu
766 1304 969 1352 sxuucnvn.
1010 1286 1065 1351 fol.
1087 1286 1164 1351 165⁸
1185 1286 1348 1370 praefatio
1372 1284 1535 1352 Aeneidos

261 1398 382 1462 iterum
405 1397 526 1480 scripta
549 1400 612 1480 est3
637 1399 782 1460 extrema
805 1393 924 1458 codicis
944 1393 1043 1458 verba
1060 1394 1116 1459 seb
1138 1414 1228 1459 amm
1250 1395 1286 1458 m
1308 1394 1450 1459 bucolicis
1468 1416 1535 1459 cem-

260 1505 409 1587 stm'mpere
430 1525 507 1586 quoe
531 1524 587 1588 per
613 1503 771 1584 immeperos
797 1501 868 1566 malt
892 1502 1024 1584 figurate
1045 1501 1179 1584 intellepi
1207 1500 1247 1565 ad
1274 1501 1344 1566 buc.
1368 1499 1399 1564 X
1423 1502 1464 1566 76
1489 1524 1536 1586 sq.

259 1611 434 1695 pertinent.
476 1611 515 1675 cf.
544 1609 643 1674 schol.
665 1607 761 1674 Bern.
792 1609 832 1673 ad
860 1608 930 1672 buc.
958 1607 988 1671 X
1013 1607 1054 1672 75
1073 1630 1119 1692 sq.
1162 1609 1318 1673 debentur
1345 1608 1426 1673 haec
1454 1631 1536 1693 quae

260 1718 299 1782 de
323 1717 431 1782 codice
446 1717 512 1782 dixi
527 1715 726 1780 Francisci
745 1699 903 1780 ltuehlii
926 1713 1116 1779 liberalitati
1135 1715 1190 1799 qui
1211 1738 1231 1780 a
1250 1713 1415 1781 Friderico
1438 1715 1536 1783 Scho-

261 1824 306 1890 lio
330 1826 465 1907 rogatus
489 1823 631 1889 codicem
655 1843 739 1887 anno
767 1821 851 1886 1875
875 1822 1025 1905 inspexit.

349 1931 551 1997 Parisinus
577 1929 663 1994 7959
692 1929 813 1994 saeculi
835 1928 914 1994 noni
942 1929 994 1994 vel
1025 1929 1167 1994 ineuntis
1197 1930 1326 2014 decimi,
1354 1930 1434 1995 olim
1462 1930 1536 1996 001·

261 2039 422 2123 bertinus,
444 2040 479 2103 in
503 2037 568 2102 252
591 2036 789 2100 membranis
817 2035 940 2100 formae
964 2036 1140 2121 quadratae
1165 2033 1269 2101 Servii
1289 2038 1537 2103 commentarios

259 2145 295 2209 in
323 2144 472 2209 bucolica
500 2143 654 2228 georgica
681 2141 859 2207 Aeneidem
887 2142 1041 2206 continet.
1086 2142 1244 2227 inscripta
1268 2148 1344 2208 sunt
1371 2144 1456 2209 libro
1480 2122 1536 2212 fiis

259 2269 390 2317 suornm
414 2267 602 2316 axsosrrro
627 2266 740 2314 snavn
755 2234 949 2313 exemerim
964 2267 1002 2313 ru
1015 2265 1231 2336 eooouroox,
1255 2251 1438 2335 subscripta
1453 2269 1537 2318 oon-

260 2375 515 2424 nnurcnronvn
539 2374 654 2422 sunvu
679 2372 897 2421 ensnnsrrcl
920 2374 957 2420 ru
971 2373 1147 2422 Anxurnos
1167 2374 1316 2421 vruerun
1331 2374 1437 2422 urnas
1451 2378 1537 2425 nvo·

260 2481 410 2530 naomvs
434 2479 642 2529 uxrnrcmvs
666 2480 853 2528 sumemus
876 2482 1005 2528 vruxrr
1032 2481 1109 2528 eux.
1152 2486 1190 2529 ex
1213 2464 1417 2549 singulorum
1439 2466 1538 2531 libro·

259 2594 331 2635 rum
354 2570 461 2636 titulis
485 2571 625 2654 exempli
649 2592 746 2635 causa
763 2570 825 2635 hos
840 2591 1058 2636 commemoro
1083 2570 1138 2654 qui
1162 2573 1237 2635 sunt
1255 2572 1334 2636 noni
1358 2576 1390 2636 et
1412 2573 1537 2659 decimi,

260 2677 324 2762 ipsi
348 2700 474 2762 quoque
497 2676 686 2742 maiusculis
709 2677 830 2741 litteris
854 2677 967 2761 scripti
991 2674 1288 2742 Commentariorum
1310 2678 1412 2744 Servii
1430 2701 1536 2763 mom-

259 2787 366 2850 motice'
387 2786 423 2849 m
445 2784 597 2850 Aeneidos
625 2784 700 2849 liber
722 2789 848 2849 octomm
875 2785 949 2866 fimet
973 2785 1083 2867 dmm'pit
1104 2785 1237 2850 mecedem
1264 2806 1365 2850 mmm
1392 2790 1425 2850 et
1448 2784 1536 2852 Com-
1634 2837 1639 2847 .

258 2893 479 2957 mmmmmmm
510 2891 612 2956 Secedi
636 2893 836 2974 premmote'ci
865 2892 900 2956 m
921 2891 1068 2957 Amcide‘s
1090 2893 1211 2975 mirpde'e'
1241 2892 1316 2958 liber
1344 2913 1445 2959 mmm
1465 2895 1539 2976 dett

260 2999 372 3081 immp'e't
403 2999 477 3063 liber
509 2998 649 3062 decemm.
696 2997 793 3062 codex
826 2998 895 3062 eius
919 2999 1047 3083 generis
1081 3000 1144 3082 est,
1176 2998 1265 3064 cuius
1298 2998 1534 3067 Laurentianus

259 3103 352 3192 (bibl.
376 3108 478 3170 sanct.
502 3126 584 3170 cruc.
607 3105 688 3188 plut.
712 3103 819 3188 XXII,
845 3103 877 3191 1)
906 3109 939 3169 et
961 3104 1222 3192 Hamburgensis
1246 3111 1279 3171 et
1303 3107 1426 3173 similes
1451 3113 1534 3174 sunt.

259 3213 384 3278 contuli
408 3235 481 3294 cum
501 3234 538 3276 eo
557 3212 783 3276 bucolicorum
811 3216 844 3276 et
871 3213 1097 3298 georgicorum
1125 3215 1392 3280 commentarium
1420 3219 1535 3282 totum.

258 3341 331 3384 cum
354 3317 509 3385 Aeneidis
538 3320 764 3385 commentarii
797 3320 917 3385 librum
944 3320 1085 3405 primum
1114 3321 1257 3386 conferre
1286 3323 1464 3406 coepissem
1492 3321 1536 3410 (.

261 3427 398 3511 1-40),
423 3427 562 3491 codicem
586 3430 622 3492 ut
644 3427 821 3492 levioribus
844 3427 911 3491 illis
931 3428 1138 3493 librariorum
1153 3428 1316 3492 erroribus
1339 3429 1456 3513 quibus
1475 3433 1534 3496 cri-

258 3533 316 3599 tici
340 3535 566 3600 commentarii
589 3535 727 3600 moleste
751 3537 926 3600 onerantur
949 3535 1055 3620 magis
1075 3557 1171 3619 quam
1196 3535 1278 3601 alios
1302 3536 1392 3601 illius
1416 3537 1534 3604 aetatis

258 3640 360 3705 libros
385 3662 492 3705 carere
517 3640 597 3723 vidi,
620 3641 668 3705 ita
690 3644 821 3725 praeter
848 3664 968 3725 paucas
993 3641 1130 3727 quasin
1152 3643 1356 3726 praefatione
1379 3643 1534 3711 Aeneidis

258 3746 389 3811 exhibui
413 3747 589 3831 scripturas
608 3747 692 3812 nihil
706 3749 1088 3833 memorabilepraebere
1107 3749 1223 3813 inveni.
1264 3753 1334 3814 tum
1358 3751 1433 3817 aliis
1452 3754 1533 3818 locis

258 3875 330 3917 eum
354 3853 490 3937 inspexi.
532 3858 629 3937 atque
649 3855 686 3918 in
711 3858 826 3939 quarto
851 3860 884 3920 et
907 3855 1020 3940 quinto
1044 3855 1128 3920 libro
1148 3878 1221 3922 cum
1235 3855 1454 3924 Laurentiano
1473 3860 1532 3925 illo

258 3960 396 4025 eumad
424 3960 568 4025 litteram
596 3960 663 4025 fere
692 3962 887 4044 consentire,
916 3962 991 4026 inde
1022 3985 1041 4027 a
1069 3966 1160 4028 sexto
1189 3964 1274 4029 libro
1297 3965 1473 4050 Reginensi
1501 3970 1534 4031 et

258 4065 419 4150 Lipsiensi
444 4067 646 4132 simillimum
672 4089 740 4133 esse
765 4070 912 4154 cognovi.
964 4091 1062 4153 quare
1086 4071 1182 4135 omisi
1206 4072 1325 4137 codicis
1349 4073 1534 4139 conferendi

256 4174 416 4257 laborem,
439 4174 486 4239 ita
509 4178 620 4239 tamen
642 4178 680 4239 ut
703 4196 776 4239 eum
790 4175 1013 4261 redintegrare
1027 4178 1258 4244 constItuerem
1282 4179 1346 4244 nisi
1370 4180 1404 4243 in
1425 4182 1535 4265 patria

258 4280 401 4346 eiusdem
425 4281 548 4345 ordinis
564 4285 660 4366 atque
675 4282 845 4367 dignitatis
869 4283 972 4347 libros
995 4286 1196 4368 reperissem.
1238 4310 1335 4371 quam
1359 4310 1450 4371 spem
1468 4309 1534 4353 non

257 4389 297 4453 ad
319 4389 451 4453 irritum
475 4388 626 4453 cecidisse
655 4389 862 4454 vehementer
885 4391 997 4455 laetor.
1037 4392 1119 4458 haec
1141 4394 1303 4459 narranda
1326 4417 1395 4460 esse
1419 4397 1533 4480 putavi

258 4496 334 4580 quia
357 4517 437 4560 mus.
460 4494 563 4561 Rhen.
587 4494 666 4559 XIV
689 4519 719 4580 p.
743 4496 821 4581 536,
845 4519 907 4581 quo
931 4498 1003 4564 loco
1029 4499 1067 4564 de
1096 4500 1240 4584 vulgatis
1267 4503 1360 4567 libris
1389 4502 1534 4585 disserui,

258 4601 298 4665 ad
330 4601 588 4667 emendandos
606 4599 715 4666 Servii
746 4606 995 4671 commentarios
1028 4606 1113 4672 hunc
1143 4607 1327 4672 Parisinum
1356 4610 1391 4674 in
1419 4609 1533 4693 primis

256 4708 370 4773 utilem
394 4731 464 4774 esse
487 4732 602 4793 parum
627 4713 702 4793 apte
726 4710 805 4776 dixi:
834 4712 987 4777 nimirum
1012 4714 1191 4798 scripturae
1214 4715 1304 4780 illam
1327 4715 1531 4801 diligentiam

257 4836 320 4897 qua
344 4837 416 4879 eum
440 4815 601 4901 insignem
630 4837 700 4881 esse
727 4839 792 4883 non
818 4840 903 4905 nego
931 4821 1069 4885 nimium
1098 4821 1290 4887 admirabar.
1329 4821 1411 4887 illud
1433 4845 1533 4888 unum
