3396 5422
230 363 282 417 XII
531 393 533 399 ,
761 363 977 419 PRAEFATIO.

230 548 324 592 usum
347 546 488 611 agnosco
513 561 554 570 -
578 525 658 590 illud
681 530 790 591 tamen
815 528 995 592 rectissime
1019 550 1092 592 eum
1117 528 1238 593 vidisse
1261 529 1416 614 concedo,
1439 551 1512 593 cum

231 634 269 698 de
292 633 380 698 Iovis
403 633 499 699 iussis
523 633 585 698 hoc
608 634 679 698 loco
703 634 897 718 cogitaverit
920 633 1121 718 scholiastes,
1140 637 1224 700 male
1244 659 1263 700 a
1281 658 1332 701 me
1351 640 1512 721 temptata

230 763 300 806 esse
332 741 391 806 illa
422 762 498 805 6666
528 761 598 804 cum
624 742 699 805 dicii
716 793 723 805 .
739 792 745 805 .
761 791 768 805 .
786 741 912 823 impiere
932 746 1108 823 praecepta:
1142 764 1338 827 quamquam
1366 765 1404 807 eo
1432 743 1512 808 haec

229 848 454 914 transferenda
478 870 548 913 esse
572 870 636 931 quo
660 871 679 912 a
703 869 754 911 me
777 847 937 912 translata
961 848 1027 912 sint
1050 849 1149 913 etiam
1172 870 1257 914 nunc
1276 854 1381 915 teneo.
1413 851 1513 916 verba

231 960 341 1021 autem
367 977 452 1040 quae
478 959 554 1020 sunt
580 977 596 1020 e
624 956 778 1020 couirwic
805 959 908 1019 autem
935 955 1025 1035 nefas
1051 955 1134 1020 mibi
1149 956 1255 1036 fucere
1273 978 1338 1022 666
1358 959 1446 1022 iussu
1469 959 1510 1022 ab

231 1085 268 1127 eo
292 1064 348 1147 qui
371 1063 550 1147 pleniorem
573 1063 841 1127 commentarium
865 1063 1049 1145 composuit
1071 1062 1181 1126 addita
1205 1084 1275 1127 esse
1298 1066 1379 1147 puto
1397 1068 1435 1128 ut
1452 1087 1511 1128 no-

231 1193 306 1235 vum
336 1171 493 1235 scholium
522 1170 563 1235 ad
592 1170 762 1255 vulgatum
785 1168 1099 1253 adcommodaretur,
1128 1170 1218 1234 cuius
1242 1170 1343 1254 ipsius
1368 1174 1511 1235 extrema

231 1278 330 1342 verba
348 1277 404 1342 ille
423 1278 571 1342 omisisse
590 1277 725 1361 videtur,
749 1277 825 1361 quia
849 1298 921 1341 cum
945 1277 985 1340 iis
1010 1298 1093 1360 quae
1116 1279 1191 1341 ante
1213 1277 1397 1342 inseruerat
1419 1278 1510 1343 nullo

232 1384 330 1449 modo
354 1389 506 1469 poterant
529 1385 689 1469 coniungi.

320 1491 359 1555 In
382 1492 513 1557 scholiis
537 1491 577 1556 ad
601 1491 681 1556 Aen.
699 1490 747 1556 IV
771 1490 836 1555 520
860 1490 1032 1574 adscriptis
1051 1488 1233 1556 Schoellius
1256 1497 1293 1557 ut
1315 1514 1391 1557 6666
1409 1498 1438 1558 ct
1454 1494 1511 1558 illa

231 1600 358 1664 seclusa
382 1603 414 1663 et
436 1600 627 1664 amatoribus
646 1649 653 1663 .
673 1649 680 1663 .
700 1648 707 1662 .
725 1597 897 1680 sipuifrcuri
917 1602 1036 1678 666666
1063 1597 1161 1662 verba
1184 1621 1329 1663 seorsum
1353 1600 1511 1665 collocata

231 1729 295 1771 non
324 1707 536 1792 improbavit,
563 1707 611 1770 ita
637 1709 771 1790 propter
798 1703 979 1768 Pausaniae
1003 1701 1033 1790 (I
1056 1702 1112 1791 30)
1138 1704 1266 1770 Aeliani
1292 1704 1354 1793 (ap.
1379 1704 1511 1770 Suidam
1567 1710 1570 1715 ⁴

232 1836 256 1878 s.
284 1836 313 1878 v.
341 1810 509 1898 Μέλητος)
542 1812 695 1878 Hermiae
726 1808 782 1897 (ad
814 1811 897 1876 Plat.
924 1811 1058 1876 Phaedr.
1086 1834 1117 1895 p.
1148 1814 1188 1878 78
1217 1810 1295 1899 Ast)
1323 1813 1511 1877 testimonia

231 1919 406 2004 prudenter
435 1919 539 1984 suasit
561 1940 601 1984 ne
624 1920 724 1984 verba
745 1918 794 1982 bic
816 1920 910 1982 etium
933 1918 1067 1982 Aiheuis
1089 1920 1147 1983 ccii
1169 1921 1282 1984 dicitur
1305 1923 1510 1985 mutarentur

233 2030 290 2092 aut
313 2027 351 2090 de
376 2048 413 2090 66
432 2026 504 2090 1666
529 2046 623 2108 quem
646 2024 680 2087 in
702 2023 902 2088 Floriacensi
924 2023 1083 2089 haberent
1106 2030 1320 2090 moverentur.
1365 2027 1512 2110 paenitet

233 2156 285 2198 me
314 2133 400 2217 quod
427 2133 462 2197 in
489 2132 548 2197 hac
576 2153 610 2196 re
634 2130 855 2220 Turonensem
884 2129 1026 2194 codicem
1049 2132 1141 2215 sequi
1165 2132 1279 2216 malui,
1307 2154 1344 2197 ae
1366 2155 1407 2196 ne
1431 2133 1511 2197 illud

233 2240 363 2323 quidem
391 2242 470 2323 puto
499 2239 625 2304 defendi
653 2261 749 2322 posse
774 2238 860 2323 quod
883 2239 982 2303 verba
1005 2260 1087 2322 quae
1112 2243 1186 2303 sunt
1209 2241 1399 2304 amatoribus
1416 2261 1511 2322 pruc-

232 2366 293 2412 esse
315 2348 461 2411 dicuutur
475 2342 582 2429 Ἔρως
603 2341 758 2432 Ἀντέρως
781 2344 940 2428 Λυσέρως
963 2368 981 2409 6
1004 2344 1169 2410 Servianis
1194 2348 1350 2431 separavi.
1392 2349 1511 2412 etenim

232 2454 296 2518 nisi
319 2453 427 2538 fallor,
451 2455 611 2538 interpres
635 2454 752 2538 aliquis
777 2453 833 2537 qui
853 2457 927 2517 ante
942 2450 1089 2517 Servium
1104 2452 1243 2538 Vergilii
1262 2454 1406 2519 carmina
1425 2476 1509 2520 com-

140 2572 144 2589 ·
233 2563 394 2625 mentatus
419 2565 497 2645 erat,
521 2560 560 2624 ad
585 2583 613 2627 v.
629 2561 694 2624 520
716 2560 796 2624 hacc
818 2559 886 2624 fere
910 2559 1138 2642 adscripscrat:
1169 2563 1234 2624 tres
1260 2583 1329 2626 esse
1353 2561 1429 2625 deos
1455 2563 1510 2646 qui

233 2670 415 2732 amatorum
447 2690 499 2732 res
528 2680 640 2732 curare
668 2667 885 2751 crederentur,
920 2666 1056 2731 Erotem
1083 2670 1276 2732 Anterotem
1304 2667 1509 2754 Lyserotem3

232 2794 271 2836 ex
294 2773 345 2838 his
370 2775 408 2839 de
431 2775 531 2839 Erote
556 2774 616 2838 hoc
639 2775 710 2838 loco
733 2795 799 2837 non
823 2795 893 2837 esse
917 2772 1139 2857 cogitandum,
1170 2773 1225 2837 sed
1248 2775 1391 2840 dubitari
1414 2798 1510 2859 posse

233 2882 340 2943 utrum
368 2878 560 2964 Lyserotem
593 2901 635 2943 an
659 2877 851 2943 Anterotem
884 2877 969 2942 Dido
1001 2878 1170 2943 invocasse
1201 2882 1344 2964 putanda
1377 2881 1511 2968 esset¹);

233 2985 325 3050 illum
355 2987 439 3050 enim
467 3009 592 3052 amores
621 2986 798 3069 resolvere,
826 2985 921 3049 alteri
945 2985 1073 3068 iniquos
1098 3007 1225 3051 amores
1248 2989 1296 3053 ita
1320 3010 1414 3054 curae
1438 3011 1510 3054 esse

232 3096 357 3157 utnon
380 3097 544 3159 amantem
568 3115 678 3158 amore
701 3093 896 3177 implicaret:
921 3114 991 3156 eam
1015 3093 1053 3157 de
1071 3092 1240 3159 Anterotis
1260 3098 1422 3179 potestate
1442 3097 1509 3178 opi-

232 3200 362 3264 nionem
383 3199 631 3265 Atheniensium
654 3199 814 3284 religione
838 3196 1064 3283 confirmari.²)
1092 3222 1131 3263 ex
1154 3200 1216 3265 hoe
1239 3201 1363 3266 scholio
1378 3199 1509 3265 Servius

233 3327 291 3370 sua
319 3306 520 3392 deprompsit
548 3328 629 3391 quae
659 3309 735 3370 sunt
762 3323 869 3369 seusus
891 3309 994 3368 euicui
1016 3304 1065 3369 bic
1087 3311 1131 3370 cst
1154 3357 1160 3370 .
1184 3357 1192 3374 .
1215 3357 1222 3370 .
1246 3312 1282 3371 ut
1302 3307 1425 3388 iuplicei
1446 3327 1510 3371 666

232 3419 405 3478 66666666
439 3436 635 3499 quamquam
668 3411 860 3495 antiquioris
892 3410 1079 3495 interpretis
1113 3412 1292 3478 doctrinam
1326 3415 1509 3497 corrupisse

232 3520 358 3586 videtur
381 3544 453 3587 cum
478 3525 535 3587 aut
558 3519 733 3585 memoriae
756 3518 850 3602 lapsu
874 3523 931 3582 aut
955 3519 1020 3583 alia
1044 3519 1082 3583 de
1106 3541 1202 3585 causa
1224 3519 1394 3586 Anterotis
1418 3526 1509 3605 pote·

233 3627 313 3690 stati
332 3629 450 3693 adiecit
475 3629 560 3712 quod
584 3626 753 3713 hyserotis
772 3625 940 3710 proprium
960 3648 1030 3690 esse
1047 3625 1266 3714 putabatur.³)
1294 3628 1380 3692 idem
1398 3633 1508 3695 autem

306 3858 331 3924 1)
347 3855 382 3912 cf.
396 3857 463 3912 Aen.
480 3857 517 3911 IV
531 3862 583 3912 478
605 3855 715 3911 ‘inveni
733 3871 867 3924 germana
885 3854 959 3908 viam
976 3899 982 3910 .
998 3897 1004 3909 .
1021 3898 1026 3909 .
1043 3871 1115 3923 quae
1133 3855 1205 3908 mihi
1222 3856 1323 3911 reddat
1338 3873 1401 3911 eum
1416 3858 1461 3912 vel
1476 3874 1509 3912 eo

232 3952 277 3990 me
301 3935 392 3990 solvat
415 3938 583 3992 amantem’.
670 3938 697 4004 2)
720 3935 838 3989 tortasse
861 3933 972 3988 Meletis
996 3934 1055 3988 sive
1079 3934 1177 3988 Meleti
1200 3941 1229 3989 et
1252 3936 1418 4005 Timagorae
1441 3937 1509 4012 fata,

233 4015 332 4084 quibus
352 4016 485 4070 Aelianus
504 4019 532 4071 et
550 4016 702 4070 Pausanias
721 4013 739 4069 l.
754 4015 773 4067 l.
798 4013 982 4068 Athenienses
1001 4015 1092 4068 motos
1112 4031 1170 4069 csse
1189 4018 1304 4070 narrant
1330 4018 1362 4069 ut
1380 4015 1510 4069 Anteroti

232 4112 309 4149 aram
329 4100 536 4164 consecrarent,
563 4094 760 4164 aliquomodo
780 4098 997 4149 commemorata
1016 4098 1104 4149 erant.
1180 4097 1208 4165 3)
1225 4113 1281 4150 nou
1299 4099 1367 4165 puto
1387 4095 1510 4150 dubitari

232 4193 312 4246 posse
337 4176 405 4247 quin
423 4178 535 4232 Servius
560 4193 623 4231 eum
648 4192 769 4230 errorem
792 4172 949 4227 admiserit:
973 4192 1038 4229 nam
1061 4174 1084 4228 is
1109 4191 1192 4245 quem
1216 4179 1326 4231 secutus
1345 4178 1388 4228 est
1406 4175 1430 4229 si
1448 4177 1509 4245 ipse

232 4273 342 4327 quoque
361 4256 490 4311 Anteroti
513 4274 622 4311 amores
647 4254 774 4310 solvendi
792 4255 961 4323 potestatem
980 4254 1136 4322 tribuisset,
1160 4272 1215 4309 non
1233 4254 1405 4308 nominasset
1423 4254 1508 4324 Lysa-

231 4340 330 4393 rotem.
358 4336 414 4390 fuit
433 4353 496 4390 eum
516 4337 670 4392 conicerem
688 4337 757 4390 haec
777 4332 905 4388 aServio
924 4334 1000 4389 edita
1019 4352 1091 4390 esse:
1110 4352 1203 4390 seusus
1221 4336 1440 4390 6666616666.ἱ
1459 4340 1509 4390 aut

232 4415 385 4487 Anaboura
403 4418 522 4484 inuocat,
540 4419 710 4472 contrarium
726 4416 867 4485 Cupidini,
886 4416 935 4483 qui
953 4431 1057 4469 666666
1074 4416 1191 4480 resoluit,
1211 4420 1260 4469 aut
1279 4420 1346 4468 certe
1358 4409 1508 4482 Ἀντέρωτα

232 4499 277 4551 cui
296 4514 377 4552 66666
395 4503 434 4552 eet
453 4514 475 4553 e.
497 4516 523 4566 q.
543 4516 563 4551 6.
583 4497 633 4552 sed
650 4499 683 4550 ut
700 4496 812 4551 mittam
832 4497 1001 4549 contrarium
1021 4495 1156 4564 Cupidini
1173 4493 1224 4547 illa
1242 4495 1278 4547 ad
1296 4493 1439 4549 Anterotis
1459 4511 1507 4548 no-

232 4594 295 4632 men
313 4581 409 4647 aperte
428 4578 581 4647 pertinere,
605 4576 739 4630 librorum
761 4575 924 4630 testimonia
943 4592 1000 4629 non
1018 4592 1052 4629 ea
1071 4576 1136 4628 sunt
1154 4575 1185 4627 ut
1203 4573 1272 4628 olim
1290 4571 1442 4642 Λυσὲρωτα
1462 4590 1508 4626 ex-

231 4656 320 4712 titisse
339 4657 474 4712 videatur.
500 4675 670 4728 quamquam
689 4655 899 4710 commendatur
918 4653 1079 4710 coniectura
1097 4653 1148 4708 illa
1167 4654 1366 4709 consuetudine
1386 4655 1508 4723 quadam

232 4737 334 4804 Servii,
358 4738 403 4804 qui
422 4755 478 4793 uon
497 4739 608 4794 solebat
626 4742 675 4792 aui
694 4741 762 4791 cerie
780 4753 897 4806 ponere,
916 4732 970 4789 nisi
989 4741 1039 4790 aut
1056 4732 1253 4804 praemiserat:
1279 4735 1357 4789 cuius
1376 4735 1417 4790 rei
1435 4735 1508 4789 infra

231 4808 359 4877 exempla
378 4807 527 4876 proferam.
