3396 5422
201 312 252 367 xx
726 310 942 367 palasano,
1009 380 1011 384 ,

202 478 264 543 tate
284 498 382 560 repent
405 477 536 559 belloque
557 476 720 558 sapsam
742 481 904 541 vcntnrnvv
926 477 1041 541 enctdv'v
1064 476 1181 560 In'byac
1203 478 1247 542 sie
1268 477 1383 542 volvere
1398 498 1476 560 par-

201 584 268 650 vas'
287 585 322 649 in
336 584 432 649 Proln‘
450 585 597 666 adpnnctv'
614 588 688 647 srrnt
705 589 733 648 ct
754 585 982 648 adnotandam:
1001 582 1035 646 1ιὶ
1052 585 1112 649 dno
1130 585 1158 648 sv'
1176 585 1360 663 evincantur,
1379 583 1478 648 aava

201 693 306 756 minvs
335 712 442 756 sensns
470 693 584 773 intepar
605 691 671 754 evit.
720 691 773 755 sed
799 690 952 772 Verqdv'ns
981 695 1068 754 anvat
1095 691 1184 754 alind
1209 711 1301 773 opens
1331 692 1413 755 crire
1442 692 1478 755 v‘n

203 799 308 863 mades
319 798 430 879 popvli
443 797 582 861 Rornanv'
600 819 659 880 pro
677 798 889 861 adnotandam
909 796 1063 861 ediderim
1076 798 1266 890 atnotatnrn.
1290 795 1476 882 aScioppio

202 904 235 968 id
259 905 425 968 inventum
449 925 518 967 esse
543 903 618 987 dixi,
641 904 696 967 sed
721 907 895 988 autequam
919 904 987 967 eius
1010 904 1128 968 librum
1152 904 1341 987 inspicerem
1365 903 1412 968 sic
1436 904 1477 968 ab

203 1033 240 1075 eo
270 1010 325 1095 qui
348 1011 448 1075 Probi
477 1011 672 1075 sententiam
696 1010 845 1094 exposuit
867 1011 1025 1093 scriptum
1049 1032 1118 1074 esse
1142 1011 1223 1074 mihi
1246 1033 1478 1093 persuaseram.

205 1140 281 1183 nam
305 1118 367 1181 etsi
389 1139 455 1182 non
477 1117 594 1202 ignoro
618 1118 651 1181 in
675 1116 919 1182 Veronensibus
944 1117 1076 1182 scholiis
1100 1119 1311 1182 adnotandam
1333 1123 1377 1182 est
1398 1117 1478 1181 illud

204 1225 341 1290 inveniri
370 1220 423 1309 (cf.
446 1223 494 1287 IX
518 1224 597 1306 402,
620 1223 650 1286 Χ
674 1224 716 1288 63
740 1228 773 1287 et
796 1220 886 1311 207),
914 1227 1024 1288 tamen
1054 1227 1086 1287 et
1110 1223 1195 1307 apud
1219 1221 1365 1288 Servium
1390 1228 1422 1288 et
1445 1225 1479 1288 in

204 1331 403 1416 plenioribus
431 1330 523 1395 libris
552 1352 625 1395 cum
649 1330 872 1394 memorabilis
897 1330 1055 1414 quaedam
1078 1352 1129 1394 res
1153 1331 1316 1413 profertur
1338 1353 1397 1414 pro
1421 1331 1480 1395 illa

204 1439 345 1503 formula
362 1439 533 1502 notandam
546 1442 591 1501 est
611 1436 730 1500 vidisse
754 1458 805 1500 me
828 1436 970 1500 memini.
998 1436 1109 1501 deinde
1135 1460 1245 1502 omnes
1270 1436 1354 1522 quod
1379 1439 1480 1502 sciam

95 1629 98 1635 .
205 1546 401 1610 scholiastae
424 1545 492 1609 sive
515 1545 726 1608 adnotandam
749 1549 793 1608 est
815 1544 882 1608 sive
905 1546 1075 1608 notandam
1097 1551 1142 1610 est
1163 1548 1351 1629 posuerunt,
1373 1545 1480 1610 infini-

204 1657 273 1718 tam
297 1652 493 1717 sententiam
517 1653 574 1716 aut
598 1649 713 1735 ‘quod'
734 1654 791 1714 aut
809 1649 918 1736 ‘quia'
942 1652 1031 1735 sequi
1055 1652 1236 1717 voluerunt.
1275 1655 1388 1716 contra
1402 1651 1482 1716 Aen.

205 1760 252 1824 IV
274 1760 339 1824 418
362 1758 443 1823 haec
465 1758 567 1823 habes
592 1757 713 1823 Probas
734 1778 808 1822 sane
830 1759 874 1822 sic
897 1760 1056 1823 adnotavit
1079 1758 1122 1824 ‘sa'
1144 1759 1225 1823 lvvvnc
1248 1779 1368 1823 varnvvn
1391 1761 1481 1823 ornit-

206 1871 278 1932 teret
299 1866 409 1930 vnetv'as
429 1864 561 1944 fecisset'
586 1868 619 1929 et
641 1863 671 1927 X
695 1864 759 1929 673
782 1864 883 1946 Asper
907 1863 1050 1946 ‘quosne'
1075 1867 1146 1948 ten-tt
1167 1871 1195 1930 ct
1217 1866 1377 1931 adnotavit
1400 1865 1481 1930 “nc'

203 1994 262 2055 pro
285 1970 350 2036 ‘ce’
374 1973 464 2053 qnasi
487 1972 636 2053 captetiva
657 1968 829 2053 particula'
863 1973 896 2063 et
926 1971 989 2035 XI]
1014 1970 1079 2036 605
1111 1971 1232 2037 Probas
1258 1974 1303 2038 sic
1325 1974 1486 2038 adnotavit

207 2078 404 2144 ‘neotericam
427 2082 494 2142 crat
516 2076 654 2162 ‘flavos’,
686 2098 754 2157 erqo
778 2077 848 2141 tene
872 2076 1013 2158 ‘doros’:
1050 2099 1126 2142 nam
1157 2081 1294 2161 seqnitur
1323 2079 1482 2144 ‘etruscas

207 2187 328 2252 laniata
354 2183 466 2268 qenns'
496 2207 521 2249 e.
545 2206 574 2268 q.
599 2207 623 2248 s.
660 2185 770 2268 itaque
794 2185 894 2248 verba
917 2206 998 2268 quae
1022 2189 1099 2249 sunt
1121 2185 1155 2250 ln'
1177 2188 1251 2251 dno.
1267 2238 1273 2251 .
1290 2188 1411 2270 ,papati
1424 2186 1482 2250 Ro-

206 2295 294 2358 nant
321 2292 424 2376 ipsius
448 2291 546 2355 Probi
575 2312 645 2355 esse
674 2290 838 2374 existimo;
871 2313 946 2369 nam
974 2293 1122 2375 paenitet
1150 2315 1201 2356 me
1230 2293 1316 2377 quod
1340 2316 1379 2358 ea
1403 2314 1485 2376 quae

207 2401 359 2465 suntsed
385 2399 601 2481 Verqv'tv'ns...
613 2418 685 2480 pop.
708 2397 798 2464 Ronv.
827 2420 908 2482 quae
937 2402 1012 2462 ante
1041 2398 1180 2465 diductis
1204 2400 1324 2464 litteris
1349 2399 1486 2483 exprimi

208 2502 378 2588 iusseram,
410 2506 458 2568 ita
486 2504 558 2568 dedi
587 2507 755 2588 tamquam
780 2505 848 2569 eius
873 2510 982 2570 essent
1006 2506 1061 2590 qui
1083 2506 1183 2571 Probi
1207 2507 1405 2572 sententiam
1430 2508 1487 2571 im-

207 2613 345 2698 pugnari
373 2611 483 2693 vcllet,
516 2633 589 2676 cum
619 2611 811 2694 praesertim
841 2611 964 2676 locutio
997 2634 1079 2696 quae
1110 2617 1159 2678 est
1183 2613 1285 2678 ‘exire
1316 2615 1351 2678 in
1374 2614 1486 2679 laudes

208 2718 369 2802 alicuius',
406 2740 470 2803 qua
495 2717 714 2794 Quintilianus
748 2713 839 2803 (inst.
867 2739 912 2783 or.
935 2717 1027 2803 XI2,
1045 2719 1099 2804 11)
1122 2743 1199 2785 usus
1224 2724 1283 2804 est,
1308 2722 1487 2805 elegantior

210 2827 268 2909 sit,
301 2848 398 2909 quam
431 2829 468 2888 ut
499 2823 662 2888 inferioris
697 2823 814 2888 aetatis
847 2824 1041 2890 scholiastae
1079 2827 1252 2892 tribuatur.
1307 2829 1486 2893 rectissime

210 2935 318 2997 autem
347 2953 419 2996 meo
448 2930 577 3015 quidem
605 2929 723 2994 iudicio
751 2929 950 2995 Ribbeckius
982 2930 1077 3015 (prol.
1101 2955 1131 3015 p.
1158 2931 1236 3019 152)
1268 2933 1308 2998 ad
1335 2957 1364 2999 v.
1388 2936 1428 3000 21
1455 2938 1487 2998 ct

209 3040 253 3103 22
278 3062 296 3103 a
319 3038 426 3102 Probo
450 3037 580 3101 obelum
604 3059 676 3102 oum
699 3041 820 3120 puncto
844 3037 1029 3121 adpositum
1053 3061 1186 3124 eamque
1209 3043 1322 3104 notam
1346 3041 1484 3124 explica-

208 3149 276 3211 tam
306 3166 375 3209 esse
403 3144 526 3208 statuit.
577 3143 748 3209 dubitabat
775 3143 927 3208 nimirum
955 3146 1187 3228 grammaticus
1217 3150 1324 3211 utrum
1348 3147 1485 3212 tollendi

211 3254 319 3317 essent
342 3249 392 3314 illi
415 3271 525 3315 versus
548 3272 663 3315 necne:
686 3272 762 3315 nam
786 3254 823 3315 ut
846 3250 984 3335 demptis
1008 3252 1055 3315 eis
1080 3274 1209 3316 sensum
1233 3252 1396 3337 integrum
1415 3276 1485 3319 csse

212 3359 357 3441 videbat,
386 3357 433 3422 ita
459 3361 590 3442 poetam
615 3357 901 3442 quotienscumque
925 3359 1051 3423 occasio
1076 3359 1187 3424 oblata
1211 3363 1297 3423 esset
1320 3359 1352 3423 in
1376 3359 1486 3425 laudes

209 3466 320 3550 populi
342 3464 482 3530 Romani
506 3466 611 3529 exisse
634 3488 699 3530 non
723 3465 904 3551 ignorabat.
952 3487 989 3528 ex
1012 3465 1064 3529 his
1090 3488 1171 3550 quac
1195 3466 1259 3529 dixi
1285 3465 1382 3530 simul
1407 3467 1487 3531 illud

211 3571 420 3655 intellegitur,
445 3594 541 3656 quam
564 3594 630 3637 non
654 3572 818 3637 adsentiar
843 3571 975 3656 Steupio
1001 3569 1055 3658 (de
1078 3572 1195 3637 Probis
1218 3596 1247 3657 p.
1263 3575 1303 3637 31
1317 3573 1409 3658 sqq),
1433 3576 1488 3658 qui

212 3701 283 3742 cum
303 3676 452 3741 Suetonii
466 3679 700 3761 testimonium,
715 3677 855 3742 Probum
871 3678 1042 3762 Berytium
1065 3680 1170 3744 multa
1193 3680 1391 3762 exemplaria
1415 3702 1487 3745 con-

211 3788 317 3849 tracta
341 3783 513 3848 adnotasse
537 3784 712 3868 narrantis,
735 3785 782 3848 ita
804 3785 1038 3867 interpretatus
1062 3790 1160 3870 esset,
1184 3787 1278 3871 quasi
1301 3792 1395 3852 notas
1418 3791 1488 3852 tan·

212 3895 283 3955 tum
308 3890 512 3973 adposuisset
530 3892 772 3976 grammaticus,
795 3892 960 3956 uberiores
980 3891 1205 3959 adnotationes
1225 3894 1344 3960 minori
1363 3895 1489 3959 cuidam

212 3997 332 4079 Probo,
366 4018 460 4079 quem
490 3996 574 4062 haud
604 3998 651 4061 ita
680 3998 782 4061 multo
812 4001 887 4081 post
910 3997 1079 4082 Berytium
1108 3999 1208 4065 fuisse
1236 4001 1343 4086 finxit,
1365 4002 1489 4067 tribuit.

212 4103 250 4168 cf.
273 4102 435 4167 Kirchner
458 4103 477 4166 l.
505 4104 523 4168 l.
558 4128 587 4189 p.
614 4105 679 4169 498
695 4126 763 4188 sqq.
814 4103 870 4167 sed
893 4109 930 4169 ut
954 4126 1098 4190 eaquae
1122 4129 1138 4171 e
1161 4107 1306 4192 pleniore
1330 4130 1489 4174 commen-

212 4210 295 4275 tario
321 4231 392 4274 cum
417 4209 526 4294 aliqua
549 4211 782 4294 probabilitate
806 4209 845 4274 ad
859 4210 1001 4276 Probum
1025 4212 1138 4278 referri
1161 4213 1331 4279 videantur
1354 4237 1490 4281 comme·

212 4339 345 4401 morem‚
367 4315 517 4381 Donatus
541 4318 581 4381 ad
605 4316 676 4381 Ter.
700 4317 830 4382 Phorm.
853 4316 886 4381 II
910 4318 939 4401 3,
965 4320 1006 4384 25
1037 4319 1137 4385 ‘male
1160 4319 1266 4405 loqui'
1289 4320 1370 4386 haec
1394 4322 1490 4386 adno-

213 4423 297 4489 tavit
316 4443 375 4505 pro
399 4422 495 4488 ‘mate
516 4421 639 4490 diccrc’.
674 4427 703 4486 vt
724 4424 845 4504 qaaerit
858 4422 978 4490 Probas
999 4428 1069 4508 qav's
1087 4431 1158 4491 ante
1174 4425 1350 4490 Terentiam
1368 4429 1489 4493 dinavit.

214 4530 343 4594 videtur
370 4530 471 4613 igitur
494 4529 620 4596 Probus
650 4550 781 4613 operam
810 4531 934 4596 dedisse
957 4537 994 4596 ut
1017 4533 1088 4618 quis
1112 4532 1236 4615 primus
1260 4534 1416 4598 vocabulo
1441 4535 1490 4597 vel

213 4636 376 4701 locutione
405 4637 512 4722 aliqua
541 4659 617 4702 usus
642 4639 728 4700 esset
751 4637 1010 4722 investigaretur.
1048 4639 1142 4703 huius
1166 4639 1266 4703 studii
1288 4640 1321 4703 in
1345 4639 1490 4723 pleniore

214 4744 448 4808 commentario
478 4745 557 4810 satis
586 4744 690 4808 multa
718 4747 827 4808 extare
855 4746 994 4830 vestigia
1023 4745 1283 4833 Wollcnbcrgius
1308 4743 1359 4832 (de
1383 4746 1491 4813 Probo
