<?xml version="1.0" encoding="UTF-8"?>
<!DOCTYPE html PUBLIC "-//W3C//DTD XHTML 1.0 Transitional//EN"
    "http://www.w3.org/TR/xhtml1/DTD/xhtml1-transitional.dtd">
<html xmlns="http://www.w3.org/1999/xhtml" xml:lang="en" lang="en">
 <head>
  <title>
</title>
<meta http-equiv="Content-Type" content="text/html;charset=utf-8" />
  <meta name='ocr-system' content='tesseract 3.04.00' />
  <meta name='ocr-capabilities' content='ocr_page ocr_carea ocr_par ocr_line ocrx_word'/>
</head>
<body>
  <div class='ocr_page' id='page_1' title='image "./serviigrammatic00thilgoog_0015.png"; bbox 0 0 3390 5414; ppageno 0'>
   <div class='ocr_carea' id='block_1_1' title="bbox 252 380 995 443">
    <p class='ocr_par' dir='ltr' id='par_1_1' title="bbox 252 380 995 443">
     <span class='ocr_line' id='line_1_1' title="bbox 252 380 995 443; baseline 0.007 -6"><span class='ocrx_word' id='word_1_1' title='bbox 252 380 318 437; x_wconf 90' lang='lat' dir='ltr'>VIII</span> <span class='ocrx_word' id='word_1_2' title='bbox 779 384 995 443; x_wconf 81' lang='lat' dir='ltr'>PRAEFATIO.</span> 
     </span>
    </p>
   </div>
   <div class='ocr_carea' id='block_1_2' title="bbox 253 548 1536 2988">
    <p class='ocr_par' dir='ltr' id='par_1_2' title="bbox 253 548 1536 2988">
     <span class='ocr_line' id='line_1_2' title="bbox 255 548 1530 637; baseline 0.005 -26"><span class='ocrx_word' id='word_1_3' title='bbox 255 550 331 612; x_wconf 91' lang='lat' dir='ltr'><strong><em>sunt</em></strong></span> <span class='ocrx_word' id='word_1_4' title='bbox 354 568 436 631; x_wconf 90' lang='lat' dir='ltr'><strong><em>quae</em></strong></span> <span class='ocrx_word' id='word_1_5' title='bbox 459 548 632 614; x_wconf 85' lang='lat' dir='ltr'><strong><em>offendant.</em></strong></span> <span class='ocrx_word' id='word_1_6' title='bbox 663 548 804 632; x_wconf 90' lang='lat' dir='ltr'><strong><em>primum</em></strong></span> <span class='ocrx_word' id='word_1_7' title='bbox 826 550 914 615; x_wconf 86' lang='lat' dir='ltr'><strong><em>anim</em></strong></span> <span class='ocrx_word' id='word_1_8' title='bbox 937 552 1036 617; x_wconf 91' lang='lat' dir='ltr'><strong><em>verba</em></strong></span> <span class='ocrx_word' id='word_1_9' title='bbox 1060 574 1142 637; x_wconf 91' lang='lat' dir='ltr'><strong><em>quae</em></strong></span> <span class='ocrx_word' id='word_1_10' title='bbox 1166 556 1243 618; x_wconf 90' lang='lat' dir='ltr'><strong><em>sunt</em></strong></span> <span class='ocrx_word' id='word_1_11' title='bbox 1264 555 1317 618; x_wconf 83' lang='lat' dir='ltr'><strong><em>sed</em></strong></span> <span class='ocrx_word' id='word_1_12' title='bbox 1337 555 1400 618; x_wconf 87' lang='lat' dir='ltr'><strong><em>aim</em></strong></span> <span class='ocrx_word' id='word_1_13' title='bbox 1423 575 1530 618; x_wconf 76' lang='lat' dir='ltr'><strong><em>arrian·</em></strong></span> 
     </span>
     <span class='ocr_line' id='line_1_3' title="bbox 254 656 1531 745; baseline 0.003 -25"><span class='ocrx_word' id='word_1_14' title='bbox 254 657 294 720; x_wconf 85' lang='lat' dir='ltr'><strong><em>tis</em></strong></span> <span class='ocrx_word' id='word_1_15' title='bbox 315 656 462 738; x_wconf 74' lang='lat' dir='ltr'><strong><em>exprimit</em></strong></span> <span class='ocrx_word' id='word_1_16' title='bbox 484 661 513 720; x_wconf 92' lang='lat' dir='ltr'><strong><em>ct</em></strong></span> <span class='ocrx_word' id='word_1_17' title='bbox 535 657 605 722; x_wconf 81' lang='lat' dir='ltr'><strong><em>inde</em></strong></span> <span class='ocrx_word' id='word_1_18' title='bbox 624 658 781 741; x_wconf 75' lang='lat' dir='ltr'><strong><em>aiacperat</em></strong></span> <span class='ocrx_word' id='word_1_19' title='bbox 802 659 969 724; x_wconf 74' lang='lat' dir='ltr'><strong><em>sacerdotes</em></strong></span> <span class='ocrx_word' id='word_1_20' title='bbox 991 659 1032 724; x_wconf 91' lang='lat' dir='ltr'><strong><em>ab</em></strong></span> <span class='ocrx_word' id='word_1_21' title='bbox 1055 659 1107 724; x_wconf 90' lang='lat' dir='ltr'><strong><em>his</em></strong></span> <span class='ocrx_word' id='word_1_22' title='bbox 1131 664 1283 744; x_wconf 89' lang='lat' dir='ltr'><strong><em>separata</em></strong></span> <span class='ocrx_word' id='word_1_23' title='bbox 1306 682 1388 745; x_wconf 93' lang='lat' dir='ltr'><strong><em>quae</em></strong></span> <span class='ocrx_word' id='word_1_24' title='bbox 1407 661 1441 725; x_wconf 92' lang='lat' dir='ltr'><strong><em>iu</em></strong></span> <span class='ocrx_word' id='word_1_25' title='bbox 1460 661 1531 725; x_wconf 94' lang='lat' dir='ltr'><strong><em>bre·</em></strong></span> 
     </span>
     <span class='ocr_line' id='line_1_4' title="bbox 253 761 1531 849; baseline 0.004 -23"><span class='ocrx_word' id='word_1_26' title='bbox 253 761 397 827; x_wconf 88' lang='lat' dir='ltr'><strong><em>vioribus</em></strong></span> <span class='ocrx_word' id='word_1_27' title='bbox 422 762 516 827; x_wconf 84' lang='lat' dir='ltr'><strong><em>libris</em></strong></span> <span class='ocrx_word' id='word_1_28' title='bbox 545 763 758 849; x_wconf 85' lang='lat' dir='ltr'><strong><em>insequuntur</em></strong></span> <span class='ocrx_word' id='word_1_29' title='bbox 787 765 841 846; x_wconf 81' lang='lat' dir='ltr'><strong><em>qai</em></strong></span> <span class='ocrx_word' id='word_1_30' title='bbox 868 766 1094 831; x_wconf 81' lang='lat' dir='ltr'><strong><em>admonuerant</em></strong></span> <span class='ocrx_word' id='word_1_31' title='bbox 1122 787 1185 831; x_wconf 86' lang='lat' dir='ltr'><strong><em>aaa</em></strong></span> <span class='ocrx_word' id='word_1_32' title='bbox 1207 767 1394 831; x_wconf 77' lang='lat' dir='ltr'><strong><em>credituram</em></strong></span> <span class='ocrx_word' id='word_1_33' title='bbox 1418 771 1531 831; x_wconf 89' lang='lat' dir='ltr'><strong><em>carent</em></strong></span> 
     </span>
     <span class='ocr_line' id='line_1_5' title="bbox 253 869 1532 957; baseline 0.004 -24"><span class='ocrx_word' id='word_1_34' title='bbox 253 869 431 934; x_wconf 86' lang='lat' dir='ltr'><strong><em>intellectu.</em></strong></span> <span class='ocrx_word' id='word_1_35' title='bbox 477 869 591 934; x_wconf 89' lang='lat' dir='ltr'><strong><em>deiude</em></strong></span> <span class='ocrx_word' id='word_1_36' title='bbox 619 871 792 936; x_wconf 92' lang='lat' dir='ltr'><strong><em>obscurum</em></strong></span> <span class='ocrx_word' id='word_1_37' title='bbox 821 874 871 937; x_wconf 91' lang='lat' dir='ltr'><strong><em>est</em></strong></span> <span class='ocrx_word' id='word_1_38' title='bbox 897 894 960 957; x_wconf 92' lang='lat' dir='ltr'><strong><em>quo</em></strong></span> <span class='ocrx_word' id='word_1_39' title='bbox 990 872 1070 937; x_wconf 90' lang='lat' dir='ltr'><strong><em>haec</em></strong></span> <span class='ocrx_word' id='word_1_40' title='bbox 1094 873 1262 939; x_wconf 85' lang='lat' dir='ltr'><strong><em>referenda</em></strong></span> <span class='ocrx_word' id='word_1_41' title='bbox 1286 875 1353 938; x_wconf 89' lang='lat' dir='ltr'><strong><em>sint</em></strong></span> <span class='ocrx_word' id='word_1_42' title='bbox 1375 876 1452 956; x_wconf 81' lang='lat' dir='ltr'><strong><em>qaia</em></strong></span> <span class='ocrx_word' id='word_1_43' title='bbox 1474 875 1532 938; x_wconf 83' lang='lat' dir='ltr'><strong><em>illa</em></strong></span> 
     </span>
     <span class='ocr_line' id='line_1_6' title="bbox 254 977 1532 1062; baseline 0.001 -20"><span class='ocrx_word' id='word_1_44' title='bbox 254 977 336 1042; x_wconf 84' lang='lat' dir='ltr'><strong><em>alias</em></strong></span> <span class='ocrx_word' id='word_1_45' title='bbox 363 998 474 1043; x_wconf 81' lang='lat' dir='ltr'><strong><em>causas</em></strong></span> <span class='ocrx_word' id='word_1_46' title='bbox 502 978 653 1043; x_wconf 70' lang='lat' dir='ltr'><strong><em>litationis</em></strong></span> <span class='ocrx_word' id='word_1_47' title='bbox 673 979 894 1060; x_wconf 80' lang='lat' dir='ltr'><strong><em>praetendebat</em></strong></span> <span class='ocrx_word' id='word_1_48' title='bbox 915 985 943 1044; x_wconf 92' lang='lat' dir='ltr'><strong><em>et</em></strong></span> <span class='ocrx_word' id='word_1_49' title='bbox 964 980 1030 1044; x_wconf 84' lang='lat' dir='ltr'><strong><em>ideo</em></strong></span> <span class='ocrx_word' id='word_1_50' title='bbox 1051 984 1121 1045; x_wconf 89' lang='lat' dir='ltr'><strong><em>oota</em></strong></span> <span class='ocrx_word' id='word_1_51' title='bbox 1144 1001 1208 1045; x_wconf 87' lang='lat' dir='ltr'><strong><em>aaa</em></strong></span> <span class='ocrx_word' id='word_1_52' title='bbox 1224 980 1419 1062; x_wconf 81' lang='lat' dir='ltr'><strong><em>perficiebat;</em></strong></span> <span class='ocrx_word' id='word_1_53' title='bbox 1455 1003 1532 1044; x_wconf 91' lang='lat' dir='ltr'><strong><em>nam</em></strong></span> 
     </span>
     <span class='ocr_line' id='line_1_7' title="bbox 255 1084 1533 1177; baseline 0.003 -30"><span class='ocrx_word' id='word_1_54' title='bbox 255 1086 364 1167; x_wconf 89' lang='lat' dir='ltr'><strong><em>potest</em></strong></span> <span class='ocrx_word' id='word_1_55' title='bbox 393 1084 676 1177; x_wconf 22' lang='lat' dir='ltr'><strong><em>dubitarivutrum</em></strong></span> <span class='ocrx_word' id='word_1_56' title='bbox 710 1085 844 1170; x_wconf 86' lang='lat' dir='ltr'><strong><em>ignarae</em></strong></span> <span class='ocrx_word' id='word_1_57' title='bbox 877 1085 1025 1151; x_wconf 88' lang='lat' dir='ltr'><strong><em>dicantur</em></strong></span> <span class='ocrx_word' id='word_1_58' title='bbox 1053 1085 1254 1151; x_wconf 80' lang='lat' dir='ltr'><strong><em>sacerdotum</em></strong></span> <span class='ocrx_word' id='word_1_59' title='bbox 1286 1091 1423 1170; x_wconf 88' lang='lat' dir='ltr'><strong><em>mentes,</em></strong></span> <span class='ocrx_word' id='word_1_60' title='bbox 1455 1089 1533 1172; x_wconf 91' lang='lat' dir='ltr'><strong><em>quia</em></strong></span> 
     </span>
     <span class='ocr_line' id='line_1_8' title="bbox 254 1189 1533 1278; baseline 0.002 -24"><span class='ocrx_word' id='word_1_61' title='bbox 254 1189 414 1256; x_wconf 86' lang='lat' dir='ltr'><strong><em>Didonem</em></strong></span> <span class='ocrx_word' id='word_1_62' title='bbox 442 1193 667 1257; x_wconf 89' lang='lat' dir='ltr'><strong><em>admonuerint</em></strong></span> <span class='ocrx_word' id='word_1_63' title='bbox 698 1215 780 1276; x_wconf 87' lang='lat' dir='ltr'><strong><em>quae</em></strong></span> <span class='ocrx_word' id='word_1_64' title='bbox 809 1193 888 1257; x_wconf 90' lang='lat' dir='ltr'><strong><em>alias</em></strong></span> <span class='ocrx_word' id='word_1_65' title='bbox 913 1214 1026 1257; x_wconf 80' lang='lat' dir='ltr'><strong><em>causas</em></strong></span> <span class='ocrx_word' id='word_1_66' title='bbox 1050 1192 1210 1258; x_wconf 81' lang='lat' dir='ltr'><strong><em>litationis</em></strong></span> <span class='ocrx_word' id='word_1_67' title='bbox 1233 1193 1468 1278; x_wconf 87' lang='lat' dir='ltr'><strong><em>praetenderit:</em></strong></span> <span class='ocrx_word' id='word_1_68' title='bbox 1501 1194 1533 1258; x_wconf 93' lang='lat' dir='ltr'><strong><em>id</em></strong></span> 
     </span>
     <span class='ocr_line' id='line_1_9' title="bbox 255 1298 1532 1383; baseline 0.002 -21"><span class='ocrx_word' id='word_1_69' title='bbox 255 1299 340 1383; x_wconf 89' lang='lat' dir='ltr'><strong><em>quod</em></strong></span> <span class='ocrx_word' id='word_1_70' title='bbox 363 1298 503 1364; x_wconf 89' lang='lat' dir='ltr'><strong><em>voluisse</em></strong></span> <span class='ocrx_word' id='word_1_71' title='bbox 526 1299 653 1365; x_wconf 87' lang='lat' dir='ltr'><strong><em>videtur</em></strong></span> <span class='ocrx_word' id='word_1_72' title='bbox 677 1299 884 1365; x_wconf 84' lang='lat' dir='ltr'><strong><em>scholiastes:</em></strong></span> <span class='ocrx_word' id='word_1_73' title='bbox 909 1322 951 1363; x_wconf 89' lang='lat' dir='ltr'><strong><em>an</em></strong></span> <span class='ocrx_word' id='word_1_74' title='bbox 973 1299 1058 1364; x_wconf 91' lang='lat' dir='ltr'><strong><em>Dido</em></strong></span> <span class='ocrx_word' id='word_1_75' title='bbox 1082 1300 1209 1365; x_wconf 89' lang='lat' dir='ltr'><strong><em>dicatur</em></strong></span> <span class='ocrx_word' id='word_1_76' title='bbox 1232 1300 1304 1364; x_wconf 90' lang='lat' dir='ltr'><strong><em>ideo</em></strong></span> <span class='ocrx_word' id='word_1_77' title='bbox 1324 1301 1457 1365; x_wconf 87' lang='lat' dir='ltr'><strong><em>monitis</em></strong></span> <span class='ocrx_word' id='word_1_78' title='bbox 1478 1324 1532 1366; x_wconf 90' lang='lat' dir='ltr'><strong><em>va-</em></strong></span> 
     </span>
     <span class='ocr_line' id='line_1_10' title="bbox 255 1406 1532 1491; baseline 0.001 -21"><span class='ocrx_word' id='word_1_79' title='bbox 255 1409 326 1470; x_wconf 89' lang='lat' dir='ltr'><strong><em>tum</em></strong></span> <span class='ocrx_word' id='word_1_80' title='bbox 355 1406 483 1472; x_wconf 89' lang='lat' dir='ltr'><strong><em>credere</em></strong></span> <span class='ocrx_word' id='word_1_81' title='bbox 511 1429 577 1473; x_wconf 90' lang='lat' dir='ltr'><strong><em>non</em></strong></span> <span class='ocrx_word' id='word_1_82' title='bbox 600 1408 759 1491; x_wconf 86' lang='lat' dir='ltr'><strong><em>potuisse,</em></strong></span> <span class='ocrx_word' id='word_1_83' title='bbox 788 1408 864 1490; x_wconf 88' lang='lat' dir='ltr'><strong><em>quia</em></strong></span> <span class='ocrx_word' id='word_1_84' title='bbox 887 1428 997 1471; x_wconf 89' lang='lat' dir='ltr'><strong><em>veram</em></strong></span> <span class='ocrx_word' id='word_1_85' title='bbox 1022 1407 1170 1472; x_wconf 91' lang='lat' dir='ltr'><strong><em>sacrificii</em></strong></span> <span class='ocrx_word' id='word_1_86' title='bbox 1195 1428 1326 1471; x_wconf 91' lang='lat' dir='ltr'><strong><em>causam</em></strong></span> <span class='ocrx_word' id='word_1_87' title='bbox 1350 1407 1532 1472; x_wconf 89' lang='lat' dir='ltr'><strong><em>dissimula-</em></strong></span> 
     </span>
     <span class='ocr_line' id='line_1_11' title="bbox 255 1513 1531 1599; baseline 0.001 -21"><span class='ocrx_word' id='word_1_88' title='bbox 255 1515 347 1579; x_wconf 88' lang='lat' dir='ltr'><strong><em>verit.</em></strong></span> <span class='ocrx_word' id='word_1_89' title='bbox 394 1514 529 1599; x_wconf 89' lang='lat' dir='ltr'><strong><em>denique</em></strong></span> <span class='ocrx_word' id='word_1_90' title='bbox 557 1515 638 1580; x_wconf 91' lang='lat' dir='ltr'><strong><em>illud</em></strong></span> <span class='ocrx_word' id='word_1_91' title='bbox 666 1514 838 1578; x_wconf 88' lang='lat' dir='ltr'><strong><em>molestum</em></strong></span> <span class='ocrx_word' id='word_1_92' title='bbox 867 1517 917 1578; x_wconf 90' lang='lat' dir='ltr'><strong><em>est</em></strong></span> <span class='ocrx_word' id='word_1_93' title='bbox 946 1514 1030 1598; x_wconf 90' lang='lat' dir='ltr'><strong><em>quod</em></strong></span> <span class='ocrx_word' id='word_1_94' title='bbox 1060 1536 1097 1579; x_wconf 91' lang='lat' dir='ltr'><strong><em>ea</em></strong></span> <span class='ocrx_word' id='word_1_95' title='bbox 1121 1513 1237 1599; x_wconf 89' lang='lat' dir='ltr'><strong><em>quibus</em></strong></span> <span class='ocrx_word' id='word_1_96' title='bbox 1262 1514 1443 1578; x_wconf 86' lang='lat' dir='ltr'><strong><em>ostenditur</em></strong></span> <span class='ocrx_word' id='word_1_97' title='bbox 1466 1537 1531 1579; x_wconf 91' lang='lat' dir='ltr'><strong><em>non</em></strong></span> 
     </span>
     <span class='ocr_line' id='line_1_12' title="bbox 255 1619 1534 1707; baseline 0.002 -23"><span class='ocrx_word' id='word_1_98' title='bbox 255 1624 388 1705; x_wconf 89' lang='lat' dir='ltr'><strong><em>propter</em></strong></span> <span class='ocrx_word' id='word_1_99' title='bbox 415 1621 655 1707; x_wconf 86' lang='lat' dir='ltr'><strong><em>ignorationem</em></strong></span> <span class='ocrx_word' id='word_1_100' title='bbox 682 1621 864 1684; x_wconf 89' lang='lat' dir='ltr'><strong><em>futurorum</em></strong></span> <span class='ocrx_word' id='word_1_101' title='bbox 896 1622 1079 1686; x_wconf 89' lang='lat' dir='ltr'><strong><em>sacerdotes</em></strong></span> <span class='ocrx_word' id='word_1_102' title='bbox 1107 1619 1297 1705; x_wconf 88' lang='lat' dir='ltr'><strong><em>reprehendi</em></strong></span> <span class='ocrx_word' id='word_1_103' title='bbox 1325 1641 1400 1684; x_wconf 81' lang='lat' dir='ltr'><strong><em>nara</em></strong></span> <span class='ocrx_word' id='word_1_104' title='bbox 1428 1623 1534 1687; x_wconf 79' lang='lat' dir='ltr'><strong><em>amaria</em></strong></span> 
     </span>
     <span class='ocr_line' id='line_1_13' title="bbox 316 1726 1533 1811; baseline -0.001 -19.048"><span class='ocrx_word' id='word_1_105' title='bbox 255 1728 463 1810; x_wconf 75' lang='lat' dir='ltr'><strong><em>priorarat</em></strong></span> <span class='ocrx_word' id='word_1_106' title='bbox 486 1728 527 1791; x_wconf 90' lang='lat' dir='ltr'><strong><em>ab</em></strong></span> <span class='ocrx_word' id='word_1_107' title='bbox 551 1728 591 1791; x_wconf 90' lang='lat' dir='ltr'><strong><em>iis</em></strong></span> <span class='ocrx_word' id='word_1_108' title='bbox 615 1727 722 1792; x_wconf 87' lang='lat' dir='ltr'><strong><em>verbis</em></strong></span> <span class='ocrx_word' id='word_1_109' title='bbox 747 1727 864 1811; x_wconf 94' lang='lat' dir='ltr'><strong><em>quibus</em></strong></span> <span class='ocrx_word' id='word_1_110' title='bbox 887 1726 965 1791; x_wconf 89' lang='lat' dir='ltr'><strong><em>haec</em></strong></span> <span class='ocrx_word' id='word_1_111' title='bbox 989 1727 1060 1810; x_wconf 88' lang='lat' dir='ltr'><strong><em>ipsa</em></strong></span> <span class='ocrx_word' id='word_1_112' title='bbox 1083 1727 1280 1810; x_wconf 86' lang='lat' dir='ltr'><strong><em>vituperatio</em></strong></span> <span class='ocrx_word' id='word_1_113' title='bbox 1304 1747 1456 1811; x_wconf 84' lang='lat' dir='ltr'><strong><em>expressa</em></strong></span> <span class='ocrx_word' id='word_1_114' title='bbox 1476 1731 1533 1811; x_wconf 86' lang='lat' dir='ltr'><strong><em>est,</em></strong></span> 
     </span>
     <span class='ocr_line' id='line_1_14' title="bbox 255 1832 1532 1919; baseline -0.001 -20"><span class='ocrx_word' id='word_1_115' title='bbox 255 1838 323 1899; x_wconf 87' lang='lat' dir='ltr'><strong><em>tam</em></strong></span> <span class='ocrx_word' id='word_1_116' title='bbox 346 1835 442 1918; x_wconf 86' lang='lat' dir='ltr'><strong><em>longe</em></strong></span> <span class='ocrx_word' id='word_1_117' title='bbox 466 1838 591 1900; x_wconf 90' lang='lat' dir='ltr'><strong><em>remota</em></strong></span> <span class='ocrx_word' id='word_1_118' title='bbox 616 1838 699 1900; x_wconf 89' lang='lat' dir='ltr'><strong><em>sunt.</em></strong></span> <span class='ocrx_word' id='word_1_119' title='bbox 738 1835 887 1918; x_wconf 85' lang='lat' dir='ltr'><strong><em>separavi</em></strong></span> <span class='ocrx_word' id='word_1_120' title='bbox 910 1835 1012 1919; x_wconf 86' lang='lat' dir='ltr'><strong><em>igitur</em></strong></span> <span class='ocrx_word' id='word_1_121' title='bbox 1036 1858 1055 1899; x_wconf 91' lang='lat' dir='ltr'><strong><em>a</em></strong></span> <span class='ocrx_word' id='word_1_122' title='bbox 1078 1835 1219 1918; x_wconf 83' lang='lat' dir='ltr'><strong><em>vulgatis</em></strong></span> <span class='ocrx_word' id='word_1_123' title='bbox 1245 1856 1282 1899; x_wconf 89' lang='lat' dir='ltr'><strong><em>ea</em></strong></span> <span class='ocrx_word' id='word_1_124' title='bbox 1307 1855 1388 1918; x_wconf 91' lang='lat' dir='ltr'><strong><em>quae</em></strong></span> <span class='ocrx_word' id='word_1_125' title='bbox 1412 1832 1532 1898; x_wconf 84' lang='lat' dir='ltr'><strong><em>Floria·</em></strong></span> 
     </span>
     <span class='ocr_line' id='line_1_15' title="bbox 256 1940 1533 2025; baseline 0 -20"><span class='ocrx_word' id='word_1_126' title='bbox 256 1943 359 2006; x_wconf 89' lang='lat' dir='ltr'><strong><em>censis</em></strong></span> <span class='ocrx_word' id='word_1_127' title='bbox 388 1943 521 2025; x_wconf 89' lang='lat' dir='ltr'><strong><em>propria</em></strong></span> <span class='ocrx_word' id='word_1_128' title='bbox 554 1946 636 2006; x_wconf 90' lang='lat' dir='ltr'><strong><em>sunt.</em></strong></span> <span class='ocrx_word' id='word_1_129' title='bbox 682 1942 814 2005; x_wconf 89' lang='lat' dir='ltr'><strong><em>illorum</em></strong></span> <span class='ocrx_word' id='word_1_130' title='bbox 846 1944 955 2005; x_wconf 91' lang='lat' dir='ltr'><strong><em>autem</em></strong></span> <span class='ocrx_word' id='word_1_131' title='bbox 982 1940 1064 2005; x_wconf 89' lang='lat' dir='ltr'><strong><em>haec</em></strong></span> <span class='ocrx_word' id='word_1_132' title='bbox 1091 1943 1126 2006; x_wconf 91' lang='lat' dir='ltr'><strong><em>ni</em></strong></span> <span class='ocrx_word' id='word_1_133' title='bbox 1154 1942 1253 2006; x_wconf 89' lang='lat' dir='ltr'><strong><em>fallor</em></strong></span> <span class='ocrx_word' id='word_1_134' title='bbox 1281 1940 1442 2006; x_wconf 88' lang='lat' dir='ltr'><strong><em>sententia</em></strong></span> <span class='ocrx_word' id='word_1_135' title='bbox 1472 1944 1533 2006; x_wconf 88' lang='lat' dir='ltr'><strong><em>est:</em></strong></span> 
     </span>
     <span class='ocr_line' id='line_1_16' title="bbox 255 2047 1534 2137; baseline 0 -25"><span class='ocrx_word' id='word_1_136' title='bbox 255 2070 321 2113; x_wconf 92' lang='lat' dir='ltr'><strong><em>non</em></strong></span> <span class='ocrx_word' id='word_1_137' title='bbox 348 2052 480 2132; x_wconf 91' lang='lat' dir='ltr'><strong><em>propter</em></strong></span> <span class='ocrx_word' id='word_1_138' title='bbox 510 2051 589 2137; x_wconf 81' lang='lat' dir='ltr'><strong><em>artis</em></strong></span> <span class='ocrx_word' id='word_1_139' title='bbox 612 2048 775 2112; x_wconf 90' lang='lat' dir='ltr'><strong><em>inscitiam</em></strong></span> <span class='ocrx_word' id='word_1_140' title='bbox 799 2047 976 2131; x_wconf 89' lang='lat' dir='ltr'><strong><em>vituperari</em></strong></span> <span class='ocrx_word' id='word_1_141' title='bbox 1000 2048 1198 2131; x_wconf 87' lang='lat' dir='ltr'><strong><em>sacerdotes,</em></strong></span> <span class='ocrx_word' id='word_1_142' title='bbox 1222 2049 1276 2113; x_wconf 90' lang='lat' dir='ltr'><strong><em>sed</em></strong></span> <span class='ocrx_word' id='word_1_143' title='bbox 1302 2048 1387 2132; x_wconf 89' lang='lat' dir='ltr'><strong><em>quod</em></strong></span> <span class='ocrx_word' id='word_1_144' title='bbox 1412 2054 1534 2133; x_wconf 91' lang='lat' dir='ltr'><strong><em>quanta</em></strong></span> 
     </span>
     <span class='ocr_line' id='line_1_17' title="bbox 257 2154 1533 2239; baseline 0.001 -20"><span class='ocrx_word' id='word_1_145' title='bbox 257 2156 376 2220; x_wconf 90' lang='lat' dir='ltr'><strong><em>amoris</em></strong></span> <span class='ocrx_word' id='word_1_146' title='bbox 400 2155 433 2219; x_wconf 94' lang='lat' dir='ltr'><strong><em>vi</em></strong></span> <span class='ocrx_word' id='word_1_147' title='bbox 450 2154 535 2219; x_wconf 91' lang='lat' dir='ltr'><strong><em>Dido</em></strong></span> <span class='ocrx_word' id='word_1_148' title='bbox 558 2158 707 2238; x_wconf 88' lang='lat' dir='ltr'><strong><em>correpta</em></strong></span> <span class='ocrx_word' id='word_1_149' title='bbox 731 2157 817 2219; x_wconf 89' lang='lat' dir='ltr'><strong><em>esset</em></strong></span> <span class='ocrx_word' id='word_1_150' title='bbox 838 2176 904 2219; x_wconf 90' lang='lat' dir='ltr'><strong><em>non</em></strong></span> <span class='ocrx_word' id='word_1_151' title='bbox 928 2155 1075 2239; x_wconf 86' lang='lat' dir='ltr'><strong><em>viderint,</em></strong></span> <span class='ocrx_word' id='word_1_152' title='bbox 1097 2159 1134 2219; x_wconf 91' lang='lat' dir='ltr'><strong><em>ut</em></strong></span> <span class='ocrx_word' id='word_1_153' title='bbox 1156 2156 1366 2221; x_wconf 89' lang='lat' dir='ltr'><strong><em>admonerent</em></strong></span> <span class='ocrx_word' id='word_1_154' title='bbox 1384 2177 1449 2220; x_wconf 89' lang='lat' dir='ltr'><strong><em>non</em></strong></span> <span class='ocrx_word' id='word_1_155' title='bbox 1468 2177 1533 2220; x_wconf 89' lang='lat' dir='ltr'><strong><em>cre·</em></strong></span> 
     </span>
     <span class='ocr_line' id='line_1_18' title="bbox 256 2261 1532 2347; baseline 0.001 -21"><span class='ocrx_word' id='word_1_156' title='bbox 256 2262 404 2326; x_wconf 85' lang='lat' dir='ltr'><strong><em>dituram.</em></strong></span> <span class='ocrx_word' id='word_1_157' title='bbox 451 2262 533 2327; x_wconf 86' lang='lat' dir='ltr'><strong><em>alter</em></strong></span> <span class='ocrx_word' id='word_1_158' title='bbox 561 2261 752 2327; x_wconf 85' lang='lat' dir='ltr'><strong><em>scholiastes</em></strong></span> <span class='ocrx_word' id='word_1_159' title='bbox 781 2262 963 2326; x_wconf 88' lang='lat' dir='ltr'><strong><em>sacerdotes</em></strong></span> <span class='ocrx_word' id='word_1_160' title='bbox 993 2284 1137 2327; x_wconf 88' lang='lat' dir='ltr'><strong><em>amorem</em></strong></span> <span class='ocrx_word' id='word_1_161' title='bbox 1165 2263 1299 2347; x_wconf 84' lang='lat' dir='ltr'><strong><em>reginae</em></strong></span> <span class='ocrx_word' id='word_1_162' title='bbox 1322 2263 1454 2328; x_wconf 90' lang='lat' dir='ltr'><strong><em>omnino</em></strong></span> <span class='ocrx_word' id='word_1_163' title='bbox 1478 2285 1532 2327; x_wconf 91' lang='lat' dir='ltr'><strong><em>ne·</em></strong></span> 
     </span>
     <span class='ocr_line' id='line_1_19' title="bbox 256 2367 1532 2452; baseline -0.002 -17"><span class='ocrx_word' id='word_1_164' title='bbox 256 2370 391 2435; x_wconf 88' lang='lat' dir='ltr'><strong><em>scivisse</em></strong></span> <span class='ocrx_word' id='word_1_165' title='bbox 423 2369 514 2447; x_wconf 85' lang='lat' dir='ltr'><strong><em>dicit,</em></strong></span> <span class='ocrx_word' id='word_1_166' title='bbox 547 2368 632 2452; x_wconf 89' lang='lat' dir='ltr'><strong><em>quod</em></strong></span> <span class='ocrx_word' id='word_1_167' title='bbox 663 2367 723 2432; x_wconf 88' lang='lat' dir='ltr'><strong><em>illa</em></strong></span> <span class='ocrx_word' id='word_1_168' title='bbox 755 2390 813 2432; x_wconf 87' lang='lat' dir='ltr'><strong><em>cur</em></strong></span> <span class='ocrx_word' id='word_1_169' title='bbox 839 2367 915 2432; x_wconf 89' lang='lat' dir='ltr'><strong><em>deos</em></strong></span> <span class='ocrx_word' id='word_1_170' title='bbox 944 2368 1047 2433; x_wconf 86' lang='lat' dir='ltr'><strong><em>adiret</em></strong></span> <span class='ocrx_word' id='word_1_171' title='bbox 1078 2370 1297 2435; x_wconf 87' lang='lat' dir='ltr'><strong><em>occultaverit.</em></strong></span> <span class='ocrx_word' id='word_1_172' title='bbox 1323 2406 1361 2415; x_wconf 87' lang='lat'>—</span> <span class='ocrx_word' id='word_1_173' title='bbox 1389 2369 1429 2433; x_wconf 90' lang='lat' dir='ltr'><strong><em>ad</em></strong></span> <span class='ocrx_word' id='word_1_174' title='bbox 1453 2368 1532 2434; x_wconf 84' lang='lat' dir='ltr'><strong><em>Aen.</em></strong></span> 
     </span>
     <span class='ocr_line' id='line_1_20' title="bbox 257 2473 1534 2561; baseline -0.002 -18"><span class='ocrx_word' id='word_1_175' title='bbox 257 2477 337 2543; x_wconf 89' lang='lat' dir='ltr'>VIII</span> <span class='ocrx_word' id='word_1_176' title='bbox 367 2478 429 2542; x_wconf 95' lang='grc'><strong><em>173</em></strong></span> <span class='ocrx_word' id='word_1_177' title='bbox 457 2476 627 2561; x_wconf 85' lang='lat' dir='ltr'><strong><em>vulgatum</em></strong></span> <span class='ocrx_word' id='word_1_178' title='bbox 658 2473 815 2538; x_wconf 90' lang='lat' dir='ltr'><strong><em>scholium</em></strong></span> <span class='ocrx_word' id='word_1_179' title='bbox 844 2473 1060 2540; x_wconf 85' lang='lat' dir='ltr'><strong><em>Floriacensis</em></strong></span> <span class='ocrx_word' id='word_1_180' title='bbox 1088 2475 1317 2541; x_wconf 87' lang='lat' dir='ltr'><strong><em>additamentis</em></strong></span> <span class='ocrx_word' id='word_1_181' title='bbox 1347 2479 1534 2560; x_wconf 90' lang='lat' dir='ltr'><strong><em>corruptum</em></strong></span> 
     </span>
     <span class='ocr_line' id='line_1_21' title="bbox 258 2581 1536 2669; baseline -0.002 -19"><span class='ocrx_word' id='word_1_182' title='bbox 258 2606 327 2650; x_wconf 91' lang='lat' dir='ltr'><strong><em>esse</em></strong></span> <span class='ocrx_word' id='word_1_183' title='bbox 351 2586 500 2669; x_wconf 84' lang='lat' dir='ltr'><strong><em>apparet:</em></strong></span> <span class='ocrx_word' id='word_1_184' title='bbox 529 2604 610 2667; x_wconf 89' lang='lat' dir='ltr'><strong><em>quae</em></strong></span> <span class='ocrx_word' id='word_1_185' title='bbox 634 2581 803 2646; x_wconf 87' lang='lat' dir='ltr'><strong><em>eximenda</em></strong></span> <span class='ocrx_word' id='word_1_186' title='bbox 827 2587 904 2646; x_wconf 89' lang='lat' dir='ltr'><strong><em>sunt</em></strong></span> <span class='ocrx_word' id='word_1_187' title='bbox 927 2586 959 2646; x_wconf 92' lang='lat' dir='ltr'><strong><em>et</em></strong></span> <span class='ocrx_word' id='word_1_188' title='bbox 981 2582 1066 2646; x_wconf 89' lang='lat' dir='ltr'><strong><em>inter</em></strong></span> <span class='ocrx_word' id='word_1_189' title='bbox 1090 2605 1124 2647; x_wconf 91' lang='lat' dir='ltr'><strong><em>se</em></strong></span> <span class='ocrx_word' id='word_1_190' title='bbox 1147 2583 1219 2667; x_wconf 90' lang='lat' dir='ltr'><strong><em>ipsa</em></strong></span> <span class='ocrx_word' id='word_1_191' title='bbox 1242 2582 1476 2667; x_wconf 87' lang='lat' dir='ltr'><strong><em>coniungenda,</em></strong></span> <span class='ocrx_word' id='word_1_192' title='bbox 1499 2587 1536 2647; x_wconf 91' lang='lat' dir='ltr'><strong><em>ut</em></strong></span> 
     </span>
     <span class='ocr_line' id='line_1_22' title="bbox 258 2688 1535 2773; baseline -0.001 -18"><span class='ocrx_word' id='word_1_193' title='bbox 258 2691 320 2756; x_wconf 88' lang='lat' dir='ltr'><strong><em>hoc</em></strong></span> <span class='ocrx_word' id='word_1_194' title='bbox 352 2690 513 2764; x_wconf 90' lang='lat' dir='ltr'><strong><em>scholium</em></strong></span> <span class='ocrx_word' id='word_1_195' title='bbox 546 2690 666 2754; x_wconf 85' lang='lat' dir='ltr'><strong><em>existat</em></strong></span> <span class='ocrx_word' id='word_1_196' title='bbox 697 2688 824 2773; x_wconf 67' lang='grc'>111111]</span> <span class='ocrx_word' id='word_1_197' title='bbox 851 2690 887 2754; x_wconf 86' lang='lat' dir='ltr'><strong><em>id</em></strong></span> <span class='ocrx_word' id='word_1_198' title='bbox 912 2695 955 2754; x_wconf 87' lang='lat' dir='ltr'><strong><em>est</em></strong></span> <span class='ocrx_word' id='word_1_199' title='bbox 980 2689 1150 2754; x_wconf 78' lang='lat' dir='ltr'><strong><em>sollemnia.</em></strong></span> <span class='ocrx_word' id='word_1_200' title='bbox 1190 2690 1334 2755; x_wconf 73' lang='lat' dir='ltr'><strong><em>solamne</em></strong></span> <span class='ocrx_word' id='word_1_201' title='bbox 1356 2689 1535 2759; x_wconf 77' lang='lat' dir='ltr'><strong><em>antelatae</em></strong></span> 
     </span>
     <span class='ocr_line' id='line_1_23' title="bbox 258 2794 1532 2883; baseline -0.001 -20"><span class='ocrx_word' id='word_1_202' title='bbox 258 2798 411 2883; x_wconf 78' lang='lat' dir='ltr'><strong><em>(saarim)</em></strong></span> <span class='ocrx_word' id='word_1_203' title='bbox 434 2817 495 2863; x_wconf 85' lang='lat' dir='ltr'><strong><em>esse</em></strong></span> <span class='ocrx_word' id='word_1_204' title='bbox 517 2798 581 2879; x_wconf 84' lang='lat' dir='ltr'><strong><em>ipse</em></strong></span> <span class='ocrx_word' id='word_1_205' title='bbox 602 2797 650 2860; x_wconf 91' lang='lat' dir='ltr'><strong><em>ait</em></strong></span> <span class='ocrx_word' id='word_1_206' title='bbox 672 2794 760 2877; x_wconf 73' lang='lat' dir='ltr'><strong><em>‘forto</em></strong></span> <span class='ocrx_word' id='word_1_207' title='bbox 783 2796 832 2860; x_wconf 84' lang='lat' dir='ltr'><strong><em>dio</em></strong></span> <span class='ocrx_word' id='word_1_208' title='bbox 853 2795 1027 2860; x_wconf 82' lang='lat' dir='ltr'><strong><em>soliemnem</em></strong></span> <span class='ocrx_word' id='word_1_209' title='bbox 1045 2796 1099 2860; x_wconf 88' lang='lat' dir='ltr'><strong><em>itto</em></strong></span> <span class='ocrx_word' id='word_1_210' title='bbox 1118 2817 1173 2861; x_wconf 84' lang='lat' dir='ltr'><strong><em>rea</em></strong></span> <span class='ocrx_word' id='word_1_211' title='bbox 1191 2796 1294 2863; x_wconf 87' lang='lat' dir='ltr'><strong><em>Arcas</em></strong></span> <span class='ocrx_word' id='word_1_212' title='bbox 1311 2796 1475 2862; x_wconf 77' lang='lat' dir='ltr'><strong><em>toaoreao&#39;.</em></strong></span> <span class='ocrx_word' id='word_1_213' title='bbox 1494 2832 1532 2843; x_wconf 93' lang='lat'>-</span> 
     </span>
     <span class='ocr_line' id='line_1_24' title="bbox 259 2901 1535 2988; baseline -0.002 -17"><span class='ocrx_word' id='word_1_214' title='bbox 259 2907 325 2971; x_wconf 89' lang='lat' dir='ltr'><strong><em>alia</em></strong></span> <span class='ocrx_word' id='word_1_215' title='bbox 357 2904 453 2969; x_wconf 92' lang='lat' dir='ltr'><strong><em>huius</em></strong></span> <span class='ocrx_word' id='word_1_216' title='bbox 487 2904 614 2988; x_wconf 86' lang='lat' dir='ltr'><strong><em>generis</em></strong></span> <span class='ocrx_word' id='word_1_217' title='bbox 649 2901 771 2966; x_wconf 87' lang='lat' dir='ltr'><strong><em>scholia</em></strong></span> <span class='ocrx_word' id='word_1_218' title='bbox 795 2923 1064 2968; x_wconf 86' lang='lat' dir='ltr'><strong><em>commemorasse</em></strong></span> <span class='ocrx_word' id='word_1_219' title='bbox 1092 2903 1226 2987; x_wconf 89' lang='lat' dir='ltr'><strong><em>sufficit,</em></strong></span> <span class='ocrx_word' id='word_1_220' title='bbox 1258 2905 1359 2969; x_wconf 86' lang='lat' dir='ltr'><strong><em>veluti</em></strong></span> <span class='ocrx_word' id='word_1_221' title='bbox 1392 2905 1432 2968; x_wconf 91' lang='lat' dir='ltr'><strong><em>ad</em></strong></span> <span class='ocrx_word' id='word_1_222' title='bbox 1455 2903 1535 2969; x_wconf 86' lang='lat' dir='ltr'><strong><em>Aen.</em></strong></span> 
     </span>
    </p>
   </div>
   <div class='ocr_carea' id='block_1_3' title="bbox 258 3008 1537 3506">
    <p class='ocr_par' dir='ltr' id='par_1_3' title="bbox 258 3008 1537 3506">
     <span class='ocr_line' id='line_1_25' title="bbox 258 3008 1537 3097; baseline -0.001 -20"><span class='ocrx_word' id='word_1_223' title='bbox 258 3013 274 3077; x_wconf 92' lang='lat' dir='ltr'>I</span> <span class='ocrx_word' id='word_1_224' title='bbox 300 3011 377 3096; x_wconf 87' lang='lat'><strong><em>135,</em></strong></span> <span class='ocrx_word' id='word_1_225' title='bbox 409 3011 486 3093; x_wconf 90' lang='grc'>137,</span> <span class='ocrx_word' id='word_1_226' title='bbox 516 3010 592 3092; x_wconf 98' lang='grc'>178,</span> <span class='ocrx_word' id='word_1_227' title='bbox 618 3010 695 3088; x_wconf 88' lang='grc'>188,</span> <span class='ocrx_word' id='word_1_228' title='bbox 715 3008 794 3093; x_wconf 89' lang='grc'>335,</span> <span class='ocrx_word' id='word_1_229' title='bbox 818 3009 897 3093; x_wconf 89' lang='grc'>380,</span> <span class='ocrx_word' id='word_1_230' title='bbox 921 3009 999 3093; x_wconf 89' lang='grc'>518,</span> <span class='ocrx_word' id='word_1_231' title='bbox 1023 3009 1097 3075; x_wconf 89' lang='grc'>542.</span> <span class='ocrx_word' id='word_1_232' title='bbox 1142 3009 1254 3090; x_wconf 86' lang='lat'><strong><em>1169,</em></strong></span> <span class='ocrx_word' id='word_1_233' title='bbox 1278 3011 1335 3095; x_wconf 91' lang='grc'><strong><em>99,</em></strong></span> <span class='ocrx_word' id='word_1_234' title='bbox 1361 3012 1437 3097; x_wconf 90' lang='grc'>104,</span> <span class='ocrx_word' id='word_1_235' title='bbox 1463 3012 1537 3095; x_wconf 90' lang='grc'>123,</span> 
     </span>
     <span class='ocr_line' id='line_1_26' title="bbox 261 3114 1535 3204; baseline -0.002 -19"><span class='ocrx_word' id='word_1_236' title='bbox 261 3120 334 3204; x_wconf 88' lang='grc'>166,</span> <span class='ocrx_word' id='word_1_237' title='bbox 359 3118 433 3183; x_wconf 89' lang='grc'>768.</span> <span class='ocrx_word' id='word_1_238' title='bbox 472 3115 522 3180; x_wconf 91' lang='lat' dir='ltr'><strong><em>III</em></strong></span> <span class='ocrx_word' id='word_1_239' title='bbox 548 3116 620 3199; x_wconf 93' lang='grc'>170,</span> <span class='ocrx_word' id='word_1_240' title='bbox 643 3114 717 3181; x_wconf 90' lang='grc'>351.</span> <span class='ocrx_word' id='word_1_241' title='bbox 755 3114 836 3180; x_wconf 87' lang='lat' dir='ltr'>VIII</span> <span class='ocrx_word' id='word_1_242' title='bbox 860 3115 911 3200; x_wconf 88' lang='lat'><strong><em>51,</em></strong></span> <span class='ocrx_word' id='word_1_243' title='bbox 935 3116 1013 3200; x_wconf 90' lang='grc'>294,</span> <span class='ocrx_word' id='word_1_244' title='bbox 1037 3116 1110 3201; x_wconf 89' lang='grc'>322,</span> <span class='ocrx_word' id='word_1_245' title='bbox 1135 3117 1354 3202; x_wconf 66' lang='grc'>3951111511</span> <span class='ocrx_word' id='word_1_246' title='bbox 1379 3118 1535 3201; x_wconf 84' lang='lat' dir='ltr'><strong><em>exemplis</em></strong></span> 
     </span>
     <span class='ocr_line' id='line_1_27' title="bbox 258 3222 1535 3311; baseline -0.002 -20"><span class='ocrx_word' id='word_1_247' title='bbox 258 3226 338 3291; x_wconf 88' lang='lat' dir='ltr'><strong><em>illud</em></strong></span> <span class='ocrx_word' id='word_1_248' title='bbox 362 3246 488 3311; x_wconf 87' lang='lat' dir='ltr'><strong><em>quoque</em></strong></span> <span class='ocrx_word' id='word_1_249' title='bbox 512 3222 702 3304; x_wconf 84' lang='lat' dir='ltr'><strong><em>ostenditur,</em></strong></span> <span class='ocrx_word' id='word_1_250' title='bbox 720 3222 898 3287; x_wconf 82' lang='lat' dir='ltr'><strong><em>inserendis</em></strong></span> <span class='ocrx_word' id='word_1_251' title='bbox 917 3223 1099 3306; x_wconf 89' lang='lat' dir='ltr'><strong><em>pleniorum</em></strong></span> <span class='ocrx_word' id='word_1_252' title='bbox 1124 3223 1281 3288; x_wconf 89' lang='lat' dir='ltr'><strong><em>librorum</em></strong></span> <span class='ocrx_word' id='word_1_253' title='bbox 1306 3224 1535 3289; x_wconf 86' lang='lat' dir='ltr'><strong><em>additamentis</em></strong></span> 
     </span>
     <span class='ocr_line' id='line_1_28' title="bbox 259 3330 1536 3417; baseline -0.003 -18"><span class='ocrx_word' id='word_1_254' title='bbox 259 3332 448 3417; x_wconf 88' lang='lat' dir='ltr'><strong><em>saepissime</em></strong></span> <span class='ocrx_word' id='word_1_255' title='bbox 484 3330 605 3395; x_wconf 88' lang='lat' dir='ltr'><strong><em>factum</em></strong></span> <span class='ocrx_word' id='word_1_256' title='bbox 642 3350 726 3412; x_wconf 88' lang='lat' dir='ltr'><strong><em>esse,</em></strong></span> <span class='ocrx_word' id='word_1_257' title='bbox 768 3334 804 3394; x_wconf 94' lang='lat' dir='ltr'><strong><em>ut</em></strong></span> <span class='ocrx_word' id='word_1_258' title='bbox 836 3330 964 3395; x_wconf 90' lang='lat' dir='ltr'><strong><em>brevior</em></strong></span> <span class='ocrx_word' id='word_1_259' title='bbox 996 3331 1259 3396; x_wconf 82' lang='lat' dir='ltr'><strong><em>commentarius·</em></strong></span> <span class='ocrx_word' id='word_1_260' title='bbox 1281 3335 1402 3396; x_wconf 89' lang='lat' dir='ltr'><strong><em>temere</em></strong></span> <span class='ocrx_word' id='word_1_261' title='bbox 1435 3331 1536 3395; x_wconf 92' lang='lat' dir='ltr'><strong><em>inmu-</em></strong></span> 
     </span>
     <span class='ocr_line' id='line_1_29' title="bbox 260 3444 392 3506; baseline -0.015 -1"><span class='ocrx_word' id='word_1_262' title='bbox 260 3444 392 3506; x_wconf 84' lang='lat' dir='ltr'><strong><em>tacetur.</em></strong></span> 
     </span>
    </p>
   </div>
   <div class='ocr_carea' id='block_1_4' title="bbox 258 3541 1538 4056">
    <p class='ocr_par' dir='ltr' id='par_1_4' title="bbox 258 3541 1538 4056">
     <span class='ocr_line' id='line_1_30' title="bbox 351 3541 1536 3631; baseline 0.002 -21"><span class='ocrx_word' id='word_1_263' title='bbox 351 3546 433 3611; x_wconf 83' lang='lat' dir='ltr'><strong><em>Aliis</em></strong></span> <span class='ocrx_word' id='word_1_264' title='bbox 457 3545 537 3610; x_wconf 91' lang='lat' dir='ltr'><strong><em>locis</em></strong></span> <span class='ocrx_word' id='word_1_265' title='bbox 562 3567 600 3610; x_wconf 90' lang='lat' dir='ltr'><strong><em>ea</em></strong></span> <span class='ocrx_word' id='word_1_266' title='bbox 623 3566 703 3630; x_wconf 90' lang='lat' dir='ltr'><strong><em>quae</em></strong></span> <span class='ocrx_word' id='word_1_267' title='bbox 722 3541 839 3609; x_wconf 88' lang='lat' dir='ltr'><strong><em>Daniel</em></strong></span> <span class='ocrx_word' id='word_1_268' title='bbox 859 3544 982 3628; x_wconf 89' lang='lat' dir='ltr'><strong><em>primus</em></strong></span> <span class='ocrx_word' id='word_1_269' title='bbox 1003 3545 1104 3611; x_wconf 89' lang='lat' dir='ltr'><strong><em>edidit</em></strong></span> <span class='ocrx_word' id='word_1_270' title='bbox 1122 3545 1417 3631; x_wconf 88' lang='lat' dir='ltr'><strong><em>coniunctionibus,</em></strong></span> <span class='ocrx_word' id='word_1_271' title='bbox 1439 3547 1536 3612; x_wconf 89' lang='lat' dir='ltr'><strong><em>ratio·</em></strong></span> 
     </span>
     <span class='ocr_line' id='line_1_31' title="bbox 258 3652 1537 3739; baseline -0.001 -20"><span class='ocrx_word' id='word_1_272' title='bbox 258 3655 388 3719; x_wconf 86' lang='lat' dir='ltr'><strong><em>nulibus</em></strong></span> <span class='ocrx_word' id='word_1_273' title='bbox 415 3653 608 3736; x_wconf 87' lang='lat' dir='ltr'><strong><em>praesertim</em></strong></span> <span class='ocrx_word' id='word_1_274' title='bbox 637 3656 669 3716; x_wconf 90' lang='lat' dir='ltr'><strong><em>et</em></strong></span> <span class='ocrx_word' id='word_1_275' title='bbox 697 3652 896 3737; x_wconf 80' lang='lat' dir='ltr'><strong><em>causalibus,</em></strong></span> <span class='ocrx_word' id='word_1_276' title='bbox 923 3654 1031 3737; x_wconf 89' lang='lat' dir='ltr'><strong><em>inepte</em></strong></span> <span class='ocrx_word' id='word_1_277' title='bbox 1060 3676 1134 3718; x_wconf 88' lang='lat' dir='ltr'><strong><em>cum</em></strong></span> <span class='ocrx_word' id='word_1_278' title='bbox 1157 3654 1298 3739; x_wconf 86' lang='lat' dir='ltr'><strong><em>vulgatis</em></strong></span> <span class='ocrx_word' id='word_1_279' title='bbox 1323 3675 1444 3718; x_wconf 85' lang='lat' dir='ltr'><strong><em>conexa</em></strong></span> <span class='ocrx_word' id='word_1_280' title='bbox 1468 3676 1537 3718; x_wconf 88' lang='lat' dir='ltr'><strong><em>esse</em></strong></span> 
     </span>
     <span class='ocr_line' id='line_1_32' title="bbox 259 3756 1536 3845; baseline -0.002 -20"><span class='ocrx_word' id='word_1_281' title='bbox 259 3760 413 3826; x_wconf 90' lang='lat' dir='ltr'><strong><em>videmus.</em></strong></span> <span class='ocrx_word' id='word_1_282' title='bbox 455 3763 551 3844; x_wconf 91' lang='lat' dir='ltr'><strong><em>atque</em></strong></span> <span class='ocrx_word' id='word_1_283' title='bbox 573 3756 855 3843; x_wconf 88' lang='lat' dir='ltr'><strong><em>frequentissimus</em></strong></span> <span class='ocrx_word' id='word_1_284' title='bbox 880 3764 930 3824; x_wconf 92' lang='lat' dir='ltr'><strong><em>est</em></strong></span> <span class='ocrx_word' id='word_1_285' title='bbox 954 3758 1055 3845; x_wconf 73' lang='lat' dir='ltr'><strong><em>‘ergo&#39;</em></strong></span> <span class='ocrx_word' id='word_1_286' title='bbox 1080 3760 1317 3825; x_wconf 89' lang='lat' dir='ltr'><strong><em>coniunctionis</em></strong></span> <span class='ocrx_word' id='word_1_287' title='bbox 1341 3778 1433 3844; x_wconf 69' lang='lat' dir='ltr'><strong><em>usus,</em></strong></span> <span class='ocrx_word' id='word_1_288' title='bbox 1457 3781 1536 3843; x_wconf 91' lang='lat' dir='ltr'><strong><em>quae</em></strong></span> 
     </span>
     <span class='ocr_line' id='line_1_33' title="bbox 260 3864 1538 3952; baseline -0.002 -20"><span class='ocrx_word' id='word_1_289' title='bbox 260 3873 298 3932; x_wconf 92' lang='lat' dir='ltr'><strong><em>ut</em></strong></span> <span class='ocrx_word' id='word_1_290' title='bbox 322 3867 447 3952; x_wconf 89' lang='lat' dir='ltr'><strong><em>aliquot</em></strong></span> <span class='ocrx_word' id='word_1_291' title='bbox 469 3864 551 3930; x_wconf 87' lang='lat' dir='ltr'><strong><em>locis</em></strong></span> <span class='ocrx_word' id='word_1_292' title='bbox 574 3888 605 3949; x_wconf 93' lang='lat' dir='ltr'><strong><em>p.</em></strong></span> <span class='ocrx_word' id='word_1_293' title='bbox 630 3867 659 3944; x_wconf 90' lang='grc'><strong><em>7,</em></strong></span> <span class='ocrx_word' id='word_1_294' title='bbox 685 3866 738 3949; x_wconf 77' lang='lat'><strong><em>113</em></strong></span> <span class='ocrx_word' id='word_1_295' title='bbox 763 3867 815 3946; x_wconf 89' lang='grc'><strong><em>24,</em></strong></span> <span class='ocrx_word' id='word_1_296' title='bbox 830 3866 867 3948; x_wconf 70' lang='grc'><strong><em>2,</em></strong></span> <span class='ocrx_word' id='word_1_297' title='bbox 891 3865 942 3950; x_wconf 88' lang='grc'><strong><em>59,</em></strong></span> <span class='ocrx_word' id='word_1_298' title='bbox 958 3866 1015 3950; x_wconf 70' lang='grc'><strong><em>24,</em></strong></span> <span class='ocrx_word' id='word_1_299' title='bbox 1040 3867 1125 3949; x_wconf 90' lang='grc'>73,7</span> <span class='ocrx_word' id='word_1_300' title='bbox 1151 3889 1242 3930; x_wconf 89' lang='lat' dir='ltr'><strong><em>suam</em></strong></span> <span class='ocrx_word' id='word_1_301' title='bbox 1266 3865 1332 3931; x_wconf 89' lang='lat' dir='ltr'><strong><em>vim</em></strong></span> <span class='ocrx_word' id='word_1_302' title='bbox 1356 3865 1467 3950; x_wconf 90' lang='lat' dir='ltr'><strong><em>habet,</em></strong></span> <span class='ocrx_word' id='word_1_303' title='bbox 1491 3865 1538 3929; x_wconf 89' lang='lat' dir='ltr'><strong><em>ita</em></strong></span> 
     </span>
     <span class='ocr_line' id='line_1_34' title="bbox 261 3971 1538 4056; baseline -0.002 -18"><span class='ocrx_word' id='word_1_304' title='bbox 261 3974 335 4039; x_wconf 88' lang='lat' dir='ltr'><strong><em>aliis</em></strong></span> <span class='ocrx_word' id='word_1_305' title='bbox 365 3973 434 4037; x_wconf 85' lang='lat' dir='ltr'><strong><em>sine</em></strong></span> <span class='ocrx_word' id='word_1_306' title='bbox 464 3972 590 4037; x_wconf 89' lang='lat' dir='ltr'><strong><em>ratione</em></strong></span> <span class='ocrx_word' id='word_1_307' title='bbox 618 3972 726 4054; x_wconf 87' lang='lat' dir='ltr'><strong><em>posita</em></strong></span> <span class='ocrx_word' id='word_1_308' title='bbox 754 3976 817 4054; x_wconf 89' lang='lat' dir='ltr'><strong><em>est,</em></strong></span> <span class='ocrx_word' id='word_1_309' title='bbox 844 3974 881 4035; x_wconf 86' lang='lat' dir='ltr'><strong><em>ut</em></strong></span> <span class='ocrx_word' id='word_1_310' title='bbox 904 3994 985 4056; x_wconf 89' lang='lat' dir='ltr'><strong><em>quae</em></strong></span> <span class='ocrx_word' id='word_1_311' title='bbox 1014 3973 1046 4035; x_wconf 89' lang='lat' dir='ltr'><strong><em>in</em></strong></span> <span class='ocrx_word' id='word_1_312' title='bbox 1071 3971 1254 4037; x_wconf 89' lang='lat' dir='ltr'><strong><em>Danielinis</em></strong></span> <span class='ocrx_word' id='word_1_313' title='bbox 1278 3972 1371 4037; x_wconf 89' lang='lat' dir='ltr'><strong><em>libris</em></strong></span> <span class='ocrx_word' id='word_1_314' title='bbox 1395 3972 1480 4036; x_wconf 90' lang='lat' dir='ltr'><strong><em>inter</em></strong></span> <span class='ocrx_word' id='word_1_315' title='bbox 1504 3994 1538 4036; x_wconf 92' lang='lat' dir='ltr'><strong><em>se</em></strong></span> 
     </span>
    </p>
   </div>
   <div class='ocr_carea' id='block_1_5' title="bbox 260 4078 1541 4912">
    <p class='ocr_par' dir='ltr' id='par_1_5' title="bbox 260 4078 1541 4912">
     <span class='ocr_line' id='line_1_35' title="bbox 262 4078 1539 4163; baseline -0.003 -17"><span class='ocrx_word' id='word_1_316' title='bbox 262 4081 432 4147; x_wconf 87' lang='lat' dir='ltr'><strong><em>coniuncta</em></strong></span> <span class='ocrx_word' id='word_1_317' title='bbox 455 4082 531 4145; x_wconf 85' lang='lat' dir='ltr'><strong><em>sunt</em></strong></span> <span class='ocrx_word' id='word_1_318' title='bbox 552 4100 619 4143; x_wconf 90' lang='lat' dir='ltr'><strong><em>non</em></strong></span> <span class='ocrx_word' id='word_1_319' title='bbox 640 4078 769 4162; x_wconf 91' lang='lat' dir='ltr'><strong><em>possint</em></strong></span> <span class='ocrx_word' id='word_1_320' title='bbox 792 4078 895 4143; x_wconf 91' lang='lat' dir='ltr'><strong><em>sicin</em></strong></span> <span class='ocrx_word' id='word_1_321' title='bbox 918 4079 1053 4162; x_wconf 89' lang='lat' dir='ltr'><strong><em>antiquo</em></strong></span> <span class='ocrx_word' id='word_1_322' title='bbox 1077 4079 1185 4163; x_wconf 90' lang='lat' dir='ltr'><strong><em>aliquo</em></strong></span> <span class='ocrx_word' id='word_1_323' title='bbox 1209 4078 1442 4145; x_wconf 89' lang='lat' dir='ltr'><strong><em>commentario</em></strong></span> <span class='ocrx_word' id='word_1_324' title='bbox 1466 4101 1539 4144; x_wconf 92' lang='lat' dir='ltr'><strong><em>con·</em></strong></span> 
     </span>
     <span class='ocr_line' id='line_1_36' title="bbox 261 4184 1539 4270; baseline -0.003 -16"><span class='ocrx_word' id='word_1_325' title='bbox 261 4191 371 4254; x_wconf 86' lang='lat' dir='ltr'><strong><em>iuncta</em></strong></span> <span class='ocrx_word' id='word_1_326' title='bbox 402 4186 511 4251; x_wconf 89' lang='lat' dir='ltr'><strong><em>fuisse.</em></strong></span> <span class='ocrx_word' id='word_1_327' title='bbox 557 4186 597 4250; x_wconf 90' lang='lat' dir='ltr'><strong><em>ad</em></strong></span> <span class='ocrx_word' id='word_1_328' title='bbox 625 4184 704 4249; x_wconf 84' lang='lat' dir='ltr'><strong><em>Aen.</em></strong></span> <span class='ocrx_word' id='word_1_329' title='bbox 733 4185 749 4248; x_wconf 94' lang='lat' dir='ltr'>I</span> <span class='ocrx_word' id='word_1_330' title='bbox 777 4185 821 4248; x_wconf 95' lang='grc'><strong><em>20</em></strong></span> <span class='ocrx_word' id='word_1_331' title='bbox 853 4184 886 4248; x_wconf 92' lang='lat' dir='ltr'><strong><em>in</em></strong></span> <span class='ocrx_word' id='word_1_332' title='bbox 914 4185 1118 4251; x_wconf 90' lang='lat' dir='ltr'><strong><em>brevioribus</em></strong></span> <span class='ocrx_word' id='word_1_333' title='bbox 1146 4186 1239 4251; x_wconf 89' lang='lat' dir='ltr'><strong><em>libris</em></strong></span> <span class='ocrx_word' id='word_1_334' title='bbox 1266 4185 1347 4250; x_wconf 89' lang='lat' dir='ltr'><strong><em>haec</em></strong></span> <span class='ocrx_word' id='word_1_335' title='bbox 1376 4185 1539 4270; x_wconf 88' lang='lat' dir='ltr'><strong><em>adscripta</em></strong></span> 
     </span>
     <span class='ocr_line' id='line_1_37' title="bbox 262 4291 1538 4376; baseline -0.003 -16"><span class='ocrx_word' id='word_1_336' title='bbox 262 4300 337 4361; x_wconf 88' lang='lat' dir='ltr'><strong><em>sunt</em></strong></span> <span class='ocrx_word' id='word_1_337' title='bbox 360 4316 554 4360; x_wconf 71' lang='lat' dir='ltr'><strong><em>scorreria</em></strong></span> <span class='ocrx_word' id='word_1_338' title='bbox 576 4292 649 4357; x_wconf 86' lang='lat' dir='ltr'><strong><em>Iove</em></strong></span> <span class='ocrx_word' id='word_1_339' title='bbox 677 4295 732 4356; x_wconf 88' lang='lat' dir='ltr'><strong><em>aat</em></strong></span> <span class='ocrx_word' id='word_1_340' title='bbox 757 4312 780 4355; x_wconf 92' lang='lat' dir='ltr'><strong><em>a</em></strong></span> <span class='ocrx_word' id='word_1_341' title='bbox 805 4292 898 4358; x_wconf 83' lang='lat' dir='ltr'><strong><em>Fatis</em></strong></span> <span class='ocrx_word' id='word_1_342' title='bbox 999 4298 1027 4357; x_wconf 93' lang='lat' dir='ltr'><strong><em>et</em></strong></span> <span class='ocrx_word' id='word_1_343' title='bbox 1045 4295 1141 4376; x_wconf 83' lang='lat' dir='ltr'><strong><em>perite</em></strong></span> <span class='ocrx_word' id='word_1_344' title='bbox 1164 4291 1346 4370; x_wconf 71' lang='lat' dir='ltr'><strong><em>‘andierat&#39;;</em></strong></span> <span class='ocrx_word' id='word_1_345' title='bbox 1374 4294 1409 4357; x_wconf 87' lang='lat' dir='ltr'><strong><em>ia</em></strong></span> <span class='ocrx_word' id='word_1_346' title='bbox 1431 4293 1538 4357; x_wconf 77' lang='lat' dir='ltr'><strong><em>Ertaia</em></strong></span> 
     </span>
     <span class='ocr_line' id='line_1_38' title="bbox 261 4397 1537 4483; baseline -0.005 -14"><span class='ocrx_word' id='word_1_347' title='bbox 261 4404 344 4470; x_wconf 78' lang='lat' dir='ltr'><strong><em>caiae</em></strong></span> <span class='ocrx_word' id='word_1_348' title='bbox 365 4402 524 4467; x_wconf 86' lang='lat' dir='ltr'><strong><em>indacitar</em></strong></span> <span class='ocrx_word' id='word_1_349' title='bbox 546 4400 688 4482; x_wconf 81' lang='lat' dir='ltr'><strong><em>Iuppiter</em></strong></span> <span class='ocrx_word' id='word_1_350' title='bbox 705 4399 890 4480; x_wconf 81' lang='lat' dir='ltr'><strong><em>promittens</em></strong></span> <span class='ocrx_word' id='word_1_351' title='bbox 904 4399 1058 4465; x_wconf 83' lang='lat' dir='ltr'><strong><em>Romanis</em></strong></span> <span class='ocrx_word' id='word_1_352' title='bbox 1075 4401 1227 4466; x_wconf 85' lang='lat' dir='ltr'><strong><em>eacidiara</em></strong></span> <span class='ocrx_word' id='word_1_353' title='bbox 1246 4397 1453 4483; x_wconf 75' lang='lat' dir='ltr'><strong><em>Carthapiaia</em></strong></span> <span class='ocrx_word' id='word_1_354' title='bbox 1487 4399 1537 4463; x_wconf 89' lang='lat' dir='ltr'><strong><em>his</em></strong></span> 
     </span>
     <span class='ocr_line' id='line_1_39' title="bbox 260 4502 1539 4594; baseline -0.003 -21"><span class='ocrx_word' id='word_1_355' title='bbox 260 4510 356 4594; x_wconf 89' lang='lat' dir='ltr'><strong><em>plane</em></strong></span> <span class='ocrx_word' id='word_1_356' title='bbox 389 4508 550 4574; x_wconf 87' lang='lat' dir='ltr'><strong><em>contraria</em></strong></span> <span class='ocrx_word' id='word_1_357' title='bbox 582 4508 657 4570; x_wconf 88' lang='lat' dir='ltr'><strong><em>sunt</em></strong></span> <span class='ocrx_word' id='word_1_358' title='bbox 681 4527 761 4589; x_wconf 90' lang='lat' dir='ltr'><strong><em>quae</em></strong></span> <span class='ocrx_word' id='word_1_359' title='bbox 786 4506 820 4569; x_wconf 92' lang='lat' dir='ltr'><strong><em>in</em></strong></span> <span class='ocrx_word' id='word_1_360' title='bbox 844 4502 1031 4571; x_wconf 83' lang='lat' dir='ltr'><strong><em>Oassellano</em></strong></span> <span class='ocrx_word' id='word_1_361' title='bbox 1065 4510 1242 4591; x_wconf 90' lang='lat' dir='ltr'><strong><em>sequuntur</em></strong></span> <span class='ocrx_word' id='word_1_362' title='bbox 1273 4506 1344 4572; x_wconf 83' lang='lat' dir='ltr'><strong><em>berre</em></strong></span> <span class='ocrx_word' id='word_1_363' title='bbox 1373 4504 1539 4572; x_wconf 71' lang='lat' dir='ltr'><strong><em>‘andierat&#39;</em></strong></span> 
     </span>
     <span class='ocr_line' id='line_1_40' title="bbox 261 4612 1539 4698; baseline -0.004 -17"><span class='ocrx_word' id='word_1_364' title='bbox 261 4617 351 4698; x_wconf 77' lang='lat' dir='ltr'><strong><em>qnasi</em></strong></span> <span class='ocrx_word' id='word_1_365' title='bbox 374 4617 409 4681; x_wconf 87' lang='lat' dir='ltr'><strong><em>de</em></strong></span> <span class='ocrx_word' id='word_1_366' title='bbox 430 4615 555 4680; x_wconf 83' lang='lat' dir='ltr'><strong><em>incertis</em></strong></span> <span class='ocrx_word' id='word_1_367' title='bbox 576 4612 677 4695; x_wconf 82' lang='lat' dir='ltr'><strong><em>retas,</em></strong></span> <span class='ocrx_word' id='word_1_368' title='bbox 700 4616 736 4675; x_wconf 85' lang='lat' dir='ltr'><strong><em>at</em></strong></span> <span class='ocrx_word' id='word_1_369' title='bbox 757 4615 784 4674; x_wconf 90' lang='lat' dir='ltr'><strong><em>et</em></strong></span> <span class='ocrx_word' id='word_1_370' title='bbox 807 4612 925 4677; x_wconf 84' lang='lat' dir='ltr'><strong><em>timeret</em></strong></span> <span class='ocrx_word' id='word_1_371' title='bbox 946 4620 976 4678; x_wconf 93' lang='lat' dir='ltr'><strong><em>et</em></strong></span> <span class='ocrx_word' id='word_1_372' title='bbox 996 4619 1131 4696; x_wconf 82' lang='lat' dir='ltr'><strong><em>speraret</em></strong></span> <span class='ocrx_word' id='word_1_373' title='bbox 1153 4614 1258 4678; x_wconf 83' lang='lat' dir='ltr'><strong><em>omnia</em></strong></span> <span class='ocrx_word' id='word_1_374' title='bbox 1275 4634 1336 4695; x_wconf 78' lang='lat' dir='ltr'><strong><em>pro</em></strong></span> <span class='ocrx_word' id='word_1_375' title='bbox 1358 4633 1416 4678; x_wconf 88' lang='lat' dir='ltr'><strong><em>saa</em></strong></span> <span class='ocrx_word' id='word_1_376' title='bbox 1434 4612 1539 4676; x_wconf 87' lang='lat' dir='ltr'><strong><em>cataa-</em></strong></span> 
     </span>
     <span class='ocr_line' id='line_1_41' title="bbox 263 4717 1540 4804; baseline -0.003 -17"><span class='ocrx_word' id='word_1_377' title='bbox 263 4727 323 4786; x_wconf 90' lang='lat' dir='ltr'><strong><em>tate</em></strong></span> <span class='ocrx_word' id='word_1_378' title='bbox 339 4742 430 4804; x_wconf 84' lang='lat' dir='ltr'><strong><em>posse</em></strong></span> <span class='ocrx_word' id='word_1_379' title='bbox 451 4720 584 4797; x_wconf 83' lang='lat' dir='ltr'><strong><em>matari;</em></strong></span> <span class='ocrx_word' id='word_1_380' title='bbox 608 4740 684 4783; x_wconf 88' lang='lat' dir='ltr'><strong><em>nam</em></strong></span> <span class='ocrx_word' id='word_1_381' title='bbox 709 4717 794 4802; x_wconf 89' lang='lat' dir='ltr'><strong><em>quod</em></strong></span> <span class='ocrx_word' id='word_1_382' title='bbox 819 4719 930 4784; x_wconf 89' lang='lat' dir='ltr'><strong><em>alove</em></strong></span> <span class='ocrx_word' id='word_1_383' title='bbox 954 4722 1004 4785; x_wconf 93' lang='lat' dir='ltr'><strong><em>vel</em></strong></span> <span class='ocrx_word' id='word_1_384' title='bbox 1028 4719 1155 4786; x_wconf 72' lang='lat' dir='ltr'><strong><em>araris</em></strong></span> <span class='ocrx_word' id='word_1_385' title='bbox 1180 4721 1394 4785; x_wconf 88' lang='lat' dir='ltr'><strong><em>constitutum</em></strong></span> <span class='ocrx_word' id='word_1_386' title='bbox 1418 4722 1489 4784; x_wconf 88' lang='lat' dir='ltr'><strong><em>erat</em></strong></span> <span class='ocrx_word' id='word_1_387' title='bbox 1507 4719 1540 4783; x_wconf 90' lang='lat' dir='ltr'><strong><em>id</em></strong></span> 
     </span>
     <span class='ocr_line' id='line_1_42' title="bbox 264 4824 1541 4912; baseline -0.002 -19"><span class='ocrx_word' id='word_1_388' title='bbox 264 4833 387 4894; x_wconf 89' lang='lat' dir='ltr'><strong><em>certum</em></strong></span> <span class='ocrx_word' id='word_1_389' title='bbox 414 4827 585 4904; x_wconf 83' lang='lat' dir='ltr'><strong><em>videbatur</em></strong></span> <span class='ocrx_word' id='word_1_390' title='bbox 613 4828 645 4889; x_wconf 88' lang='lat' dir='ltr'><strong><em>et</em></strong></span> <span class='ocrx_word' id='word_1_391' title='bbox 667 4824 860 4890; x_wconf 88' lang='lat' dir='ltr'><strong><em>inmutabile</em></strong></span> <span class='ocrx_word' id='word_1_392' title='bbox 883 4827 1026 4912; x_wconf 88' lang='lat' dir='ltr'><strong><em>antiquis</em></strong></span> <span class='ocrx_word' id='word_1_393' title='bbox 1049 4828 1245 4894; x_wconf 86' lang='lat' dir='ltr'><strong><em>hominibus.</em></strong></span> <span class='ocrx_word' id='word_1_394' title='bbox 1299 4831 1410 4892; x_wconf 90' lang='lat' dir='ltr'><strong><em>tamen</em></strong></span> <span class='ocrx_word' id='word_1_395' title='bbox 1433 4827 1461 4892; x_wconf 90' lang='lat' dir='ltr'><strong><em>is</em></strong></span> <span class='ocrx_word' id='word_1_396' title='bbox 1486 4827 1541 4911; x_wconf 91' lang='lat' dir='ltr'><strong><em>qui</em></strong></span> 
     </span>
    </p>
   </div>
   <div class='ocr_carea' id='block_1_6' title="bbox 0 0 1711 5414">
    <p class='ocr_par' dir='ltr' id='par_1_6' title="bbox 0 0 1711 5414">
     <span class='ocr_line' id='line_1_43' title="bbox 0 0 1711 5414; baseline 0 0"><span class='ocrx_word' id='word_1_397' title='bbox 0 0 1711 5414; x_wconf 95' lang='lat' dir='ltr'><strong><em> </em></strong></span> 
     </span>
    </p>
   </div>
  </div>
 </body>
</html>
