3396 5422
252 391 368 447 xxxiv
668 360 671 368 ’
779 389 996 445 1111111110.

254 555 421 638 superiora
442 560 480 634 ‚at
503 558 587 618 certe
615 554 709 638 paria
737 558 813 618 sunt
840 554 899 618 illa
928 554 1044 638 quibus
1073 555 1242 635 poetarum
1271 555 1305 615 01
1332 551 1528 634 scriptorum

126 715 128 719 ,
254 662 397 747 Augusti
420 664 526 725 aetate
551 661 771 744 antiquiorum
800 661 947 744 exempla
972 663 1099 724 servata
1123 662 1209 736 sunt,
1233 680 1314 742 quae
1337 657 1371 720 in
1394 658 1529 741 vulgato

254 769 486 833 commentario
524 767 698 839 admodum
731 790 805 832 rara
843 789 912 831 esse
946 789 1044 850 supra
1077 766 1152 830 dixi.
1199 764 1323 829 accedit
1360 763 1445 848 quod
1482 765 1529 828 ita

254 876 401 959 exempla
425 875 482 938 illa
506 874 632 939 laudari
652 875 771 957 solent,
794 877 915 938 utnon
934 874 1040 938 solum
1062 872 1230 956 scriptoris
1249 871 1305 936 sed
1328 870 1427 935 etiam
1453 870 1530 934 libri

254 1005 293 1047 011
320 1004 384 1066 quo
414 981 606 1077 deprompta
635 984 711 1045 sunt
740 985 925 1044 accuratum
958 978 1110 1042 indicium
1139 977 1285 1043 additum
1319 978 1370 1042 sit.
1412 999 1450 1041 ea
1478 998 1529 1041 res

254 1089 341 1153 haud
365 1089 430 1152 seio
454 1109 495 1150 an
518 1109 578 1170 pro
603 1087 697 1170 signo
722 1109 792 1151 esse
806 1086 920 1170 possit,
940 1108 1003 1171 quo
1024 1086 1158 1168 antiqua
1178 1085 1301 1149 scholia
1325 1085 1365 1148 ab
1390 1085 1430 1148 iis
1449 1104 1531 1168 quae

256 1218 275 1260 a
299 1193 410 1259 Servio
434 1195 505 1277 ipso
530 1197 586 1258 aut
609 1191 765 1258 Serviane
787 1193 855 1257 fere
879 1196 985 1257 aetate
1006 1193 1128 1276 scripta
1148 1193 1226 1275 sint,
1249 1192 1474 1256 discernantur
1491 1227 1528 1235 -

256 1323 333 1366 nam
357 1322 454 1383 supra
478 1299 659 1384 significavi
686 1299 826 1363 inveniri
852 1300 886 1363 in
915 1299 1059 1383 pleniore
1088 1298 1320 1363 commentario
1349 1319 1431 1381 qnae
1459 1319 1531 1362 oum

256 1408 382 1490 vulgati
405 1407 587 1471 rationibus
612 1411 833 1490 congruerent.
875 1428 947 1470 oum
970 1405 1071 1470 seiam
1090 1405 1245 1469 loannem
1264 1403 1479 1468 Kirchnerum
1497 1403 1533 1467 111

199 1600 203 1608 ι
257 1513 410 1578 laudandi
441 1514 602 1578 rationem
639 1513 809 1597 utriusque
841 1512 1062 1577 commentarii
1092 1512 1259 1597 propriam
1287 1511 1460 1595 diligenter
1486 1511 1532 1574 in·

258 1620 428 1704 quisivisse
453 1641 588 1704 eumque
612 1642 693 1704 quae
721 1620 882 1684 invenerit
910 1642 982 1683 eum
1011 1618 1113 1683 doctis
1142 1619 1327 1683 hominibus
1357 1618 1532 1682 communi·

259 1731 405 1791 caturum
429 1749 499 1791 esse
517 1749 659 1810 sperem,
682 1727 721 1790 de
744 1727 806 1790 hae
828 1749 863 1790 re
886 1726 968 1790 nihil
993 1726 1132 1810 amplius
1156 1725 1240 1808 dico,
1260 1724 1344 1811 ,illud
1368 1724 1533 1789 monuisse

259 1835 337 1898 satis
366 1833 484 1916 habeo,
516 1855 587 1897 oum
615 1834 679 1898 loci
712 1833 976 1899 testimoniorum
1005 1837 1152 1897 accurate
1180 1832 1313 1896 indicati
1344 1831 1423 1914 sint,
1452 1830 1533 1915 ipsis

259 1961 387 2024 quoque
410 1938 606 2002 testimoniis
629 1937 726 2002 fidem
749 1938 851 2002 videri
874 1939 1057 2003 habendam
1082 1961 1160 2002 esse.

113 2099 127 2110 ..
211 2065 245 2137 ,¹12
351 2045 440 2120 Quae
465 2044 568 2108 adhuc
593 2045 631 2108 de
655 2044 782 2130 vulgati
807 2049 839 2109 et
857 2045 1013 2129 plenioris
1033 2044 1256 2127 commentarii
1280 2044 1462 2109 rationibus
1486 2065 1538 2108 ex-

112 2153 248 2245 iiiiii}
261 2152 355 2236 posui
380 2173 418 2215 ea
441 2173 539 2235 quam
563 2173 639 2215 vera
663 2151 728 2215 sint
752 2152 799 2216 ita
821 2174 906 2216 nuno
929 2153 1021 2216 iuvat
1050 2151 1201 2236 experiri,
1228 2156 1266 2215 ut
1289 2151 1338 2215 illi
1363 2151 1538 2234 scriptores

128 2258 320 2352 {iessffiqui
343 2258 495 2322 inferiore
520 2261 625 2322 aetate
647 2256 801 2322 Serviano
826 2259 1057 2323 commentario
1077 2259 1126 2323 usi
1146 2259 1211 2323 sint
1228 2263 1338 2323 utrum
1358 2258 1538 2323 breviorem

260 2368 388 2429 tantum
413 2386 453 2428 an
477 2365 656 2447 pleniorem
685 2387 811 2449 quoque
842 2367 1053 2450 cognoverint
1077 2370 1259 2449 quaeratur.
1296 2371 1334 2431 ut
1363 2367 1403 2430 ab
1433 2387 1538 2451 gram-

260 2471 386 2535 maticis
410 2471 574 2555 incipiam,
598 2468 840 2555 Cledonium,
864 2473 954 2537 cuius
975 2476 1116 2537 aetatem
1131 2473 1165 2536 in
1189 2473 1302 2555 quinto
1323 2468 1451 2537 saeculo
1466 2471 1540 2536 Kei-

262 2578 324 2641 lius
350 2575 535 2661 (grammat.
559 2578 615 2642 lat.
639 2577 724 2669 Vp.
748 2578 782 2665 8)
807 2580 990 2664 constitnit,
1018 2602 1034 2643 e
1060 2577 1164 2644 Servii
1192 2580 1226 2643 in
1249 2578 1432 2663 Vergilium
1456 2601 1539 2644 eom-

261 2684 420 2748 mentario
444 2683 531 2747 haud
555 2705 657 2767 pauca
680 2685 842 2751 derivasse
866 2687 951 2751 idem
970 2687 1020 2750 vir
1044 2686 1158 2751 doctus
1183 2683 1218 2770 (l.
1238 2686 1259 2751 l.
1278 2708 1309 2769 p.
1330 2683 1364 2772 7)
1389 2686 1540 2752 ostendit.

262 2788 300 2853 of.
324 2788 411 2854 Oled.
435 2812 465 2872 p.
490 2790 547 2873 35,
576 2791 619 2854 22
648 2794 680 2854 et
709 2790 796 2857 Serv.
825 2792 866 2857 ad
895 2793 974 2856 Aen.
998 2791 1044 2856 VI
1075 2792 1152 2877 775;
1180 2790 1267 2857 Oled.
1295 2816 1325 2876 p.
1349 2793 1407 2876 40,
1430 2794 1464 2877 4,
1488 2794 1540 2877 22,

262 2899 305 2962 25
329 2901 362 2961 01
386 2895 474 2961 Serv.
503 2897 543 2960 ad
572 2896 652 2965 Aen.
680 2897 730 2962 ΠΙ
753 2899 811 2982 94,
840 2899 856 2962 Ι
887 2899 965 2982 149,
992 2899 1040 2963 IX
1069 2899 1148 2982 6193
1177 2897 1264 2964 Oled.
1292 2922 1323 2982 p.
1352 2899 1407 2983 61,
1436 2900 1479 2964 32
1508 2905 1540 2964 01

138 3047 140 3052 ,
263 3001 350 3068 Serv.
380 3003 420 3068 ad
448 3003 527 3067 Aen.
554 3003 601 3067 IV
631 3004 708 3088 2953
738 3004 825 3070 cled.
853 3029 884 3089 p.
908 3006 1007 3090 65,1
1039 3010 1071 3070 et
1099 3004 1186 3070 Serv.
1211 3006 1251 3070 ad
1282 3006 1362 3070 Aen.
1390 3005 1407 3069 I
1434 3007 1455 3069 2
1486 3002 1541 3088 (de
1627 3081 1630 3087 Ι

244 3110 374 3192 eadem
398 3131 432 3173 re
457 3108 587 3174 Servius
612 3131 726 3175 comm.
757 3112 791 3175 in
813 3110 931 3176 Donat.
961 3135 993 3195 p.
1016 3112 1095 3195 415,
1119 3112 1160 3176 37
1185 3111 1294 3196 dixit);
1322 3110 1411 3177 (lled.
1434 3136 1466 3197 p.
1489 3112 1540 3196 65,

263 3217 305 3280 33
330 3215 457 3280 ‘omnes
480 3219 590 3299 partes
615 3217 789 3300 orationis,
818 3239 891 3282 cum
914 3217 1068 3282 desierint
1097 3239 1167 3282 osse
1199 3219 1284 3303 quod
1313 3224 1402 3302 sunt,
1431 3218 1541 3283 adver·

263 3322 354 3385 bium
377 3320 511 3386 faciunt'
536 3325 568 3386 et
592 3319 680 3386 Serv.
700 3322 739 3386 ad
754 3323 835 3387 Aen.
850 3321 880 3386 V
895 3323 961 3388 603
986 3322 1122 3388 ‘etenim
1147 3325 1251 3388 omnis
1275 3347 1351 3407 pars
1376 3326 1541 3406 orationis,

264 3449 337 3492 cum
361 3427 493 3492 desierit
517 3428 696 3511 essequod
720 3434 783 3512 est,
807 3430 841 3493 in
864 3429 1053 3494 adverbium
1073 3429 1220 3514 migrat'.
1257 3431 1295 3496 cf.
1320 3429 1407 3496 Serv.
1427 3455 1540 3497 comm.

263 3535 298 3598 in
320 3533 402 3598 Don.
425 3557 456 3618 p.
479 3533 559 3618 439,
577 3535 630 3598 22.
666 3535 746 3600 haec
769 3536 871 3620 igitur
901 3559 920 3600 a
945 3534 1057 3601 Servio
1082 3535 1273 3602 Cledonium
1297 3538 1451 3622 petivisse
1474 3562 1541 3603 11011

264 3645 315 3704 001
338 3662 394 3704 our
421 3660 586 3723 negemus.
624 3645 737 3706 contra
764 3664 847 3726 quae
876 3667 906 3728 p.
929 3643 988 3721 40,
1011 3643 1030 3708 8
1061 3643 1159 3707 0123
1187 3643 1395 3727 proferuntur
1422 3667 1500 3710 num
1525 3667 1542 3709 0

266 3744 430 3810 Servianis
455 3746 496 3810 ad
519 3748 600 3810 Aen.
622 3747 639 3810 I
664 3747 727 3812 703
748 3754 781 3812 01
795 3747 860 3812 VII
875 3749 940 3814 568
965 3748 1098 3813 scholiis
1122 3750 1286 3833 exscripta
1310 3751 1376 3815 sint
1399 3751 1541 3816 dubitari

264 3857 383 3936 potest.
420 3853 556 3938 denique
579 3857 646 3917 tres
662 3852 809 3919 Cledonii
827 3855 890 3920 loci
910 3877 982 3919 cum
998 3854 1179 3920 Danielinis
1204 3857 1337 3922 scholiis
1361 3858 1541 3942 comparati

267 3962 354 4042 sunt,
379 3959 496 4042 quibus
520 3983 557 4024 ea
586 3959 668 4024 addo
698 3984 780 4045 quae
804 3984 834 4044 p.
858 3963 915 4044 47,
945 3962 962 4025 7
992 3962 1031 4026 do
1060 3961 1207 4027 ‘domus'
1235 3964 1375 4029 nominis
1404 3964 1543 4030 declina-

264 4066 354 4129 tione
378 4067 609 4150 grammaticus
635 4067 733 4146 dixit,
758 4090 839 4152 quae
859 4090 931 4133 oum
951 4066 1140 4134 Cassellano
1164 4070 1204 4134 ed
1227 4069 1306 4137 Aen.
1330 4069 1544 4135 114450011-

266 4173 385 4237 cinunt.
418 4176 453 4236 at
468 4173 552 4258 quod
567 4195 597 4255 p.
615 4174 677 4259 40,
694 4174 735 4239 15
762 4173 966 4258 ‘pampinus'
990 4177 1170 4241 communis
1186 4178 1313 4261 generis
1334 4199 1403 4241 esse
1422 4178 1543 4243 dictum

266 4282 298 4341 et
322 4277 414 4342 Accii
438 4283 470 4342 et
493 4278 610 4344 Lucilii
634 4281 792 4366 exemplis
816 4282 1044 4347 confirmatum
1074 4287 1124 4348 est
1151 4284 1184 4349 id
1207 4306 1273 4349 non
1301 4284 1437 4350 debetur
1464 4283 1543 4348 Ver·

267 4386 390 4469 giliano
416 4385 618 4469 scholiastae,
646 4388 702 4472 qui
717 4389 788 4452 bue.
803 4387 866 4452 VII
890 4388 932 4453 58
956 4388 1140 4474 Vergilium
1168 4392 1340 4474 pampinos
1367 4414 1543 4476 numquam

267 4513 340 4555 cum
364 4512 483 4575 genere
507 4491 622 4575 dicere,
646 4493 701 4557 sed
725 4493 907 4559 Varronem
927 4515 1045 4578 genere
1068 4496 1223 4561 feminino
1248 4497 1296 4561 uti
1320 4497 1421 4562 docet.
1459 4497 1544 4583 quod

267 4594 440 4663 Oledonius
464 4620 495 4680 p.
519 4599 579 4682 43,
611 4600 626 4663 1
662 4597 834 4665 Cornificio
865 4601 961 4666 Gallo
994 4603 1110 4667 tribuit
1137 4602 1276 4686 Vergilii
1309 4608 1543 4668 commentator

267 4725 378 4789 georg.
404 4704 514 4768 1210
542 4728 560 4769 a
594 4705 697 4770 Bavio
730 4713 763 4772 01
793 4706 920 4774 Maevio
952 4710 1134 4793 profectum
1169 4731 1238 4774 esse
1270 4713 1419 4775 testatur.
1462 4733 1543 4795 quae

266 4808 480 4876 Floriacensis
510 4811 548 4876 ad
576 4811 816 4879 Αο11.ΙΙΙ286
845 4814 883 4878 de
908 4813 1060 4898 ‘clipeus'
1090 4815 1177 4880 vocis
1206 4836 1323 4900 genere
1351 4815 1451 4880 habet
1478 4816 1543 4881 for·
