3390 5414
728 382 944 438 PRAEFATIO.
1384 381 1473 436 XLIII

195 573 299 615 neam.
349 550 537 635 prudentius
570 548 714 614 Isidorus
749 546 861 613 ‘item'
894 546 1056 630 particula
1093 567 1170 609 usus
1204 547 1267 629 est,
1304 549 1341 608 ut
1371 545 1474 627 priori

197 658 335 721 alteram
359 657 550 720 adnecteret.

286 761 361 827 Non
388 785 452 826 uno
479 761 611 826 nomine
639 761 720 825 utile
750 765 800 825 est
827 781 1014 845 comparare
1042 760 1128 823 inter
1157 780 1190 822 se
1219 779 1301 842 quae
1328 757 1473 822 Isidorus

198 892 242 935 or.
266 867 345 934 XVI
367 868 411 931 24
435 868 473 930 dc
496 867 616 931 electro
640 867 722 931 dixit
750 870 783 931 et
806 866 909 931 Servii
940 866 980 930 ad
1003 865 1084 930 Aen.
1107 863 1188 929 VIII
1211 865 1276 928 402
1306 864 1474 929 scholium.

199 974 328 1039 Servius
352 973 494 1038 Plinium
525 995 559 1038 sc
589 958 685 1056 sequi
703 974 889 1057 profitetur,
920 976 1017 1057 atque
1048 994 1128 1056 quae
1157 969 1283 1056 profert
1312 971 1361 1036 ita
1389 994 1475 1037 com-

198 1085 315 1166 parata
341 1085 417 1145 sunt
446 1085 483 1144 ut
511 1079 660 1143 Pliniana
683 1100 857 1164 agnoscas,
886 1079 981 1143 modo
1009 1100 1068 1162 pro
1100 1076 1253 1161 ‘tribus',
1284 1079 1369 1162 quod
1399 1079 1477 1143 libri

199 1189 368 1272 praebent,
392 1184 581 1271 ‘quattuor'
602 1187 772 1250 scribatur.
811 1187 930 1251 mirum
950 1191 1057 1251 tamen
1079 1189 1130 1249 est
1148 1185 1233 1269 quod
1251 1185 1405 1269 Isidorus,
1425 1186 1476 1250 cui

199 1317 266 1359 non
295 1295 391 1359 modo
423 1293 475 1358 hic
504 1294 537 1357 in
566 1315 701 1358 numero
734 1316 824 1358 error
856 1294 911 1358 sed
947 1293 1045 1358 verba
1074 1292 1228 1376 pleraque
1259 1314 1332 1356 cum
1364 1290 1475 1357 Servio

201 1401 385 1467 communia
419 1403 506 1484 sunt,
538 1398 639 1464 habet
675 1401 833 1483 quaedam
870 1422 953 1485 quae
991 1398 1131 1484 Vergilii
1167 1399 1327 1481 interpres
1360 1399 1478 1463 omisit.

202 1530 300 1592 quare
322 1530 387 1573 non
408 1506 553 1570 isidorus
578 1505 740 1591 Servium,
765 1508 820 1572 sed
844 1507 980 1572 eundem
1003 1510 1137 1590 uterque
1157 1507 1322 1569 auctorem
1346 1510 1476 1570 secutus

204 1623 273 1678 esse
297 1613 434 1695 videtur,
463 1612 518 1697 qui
541 1613 609 1697 ipse
634 1636 650 1677 e
674 1612 758 1678 Pinii
786 1614 870 1679 libro
889 1620 959 1678 ‘sua
987 1614 1202 1696 derivaverat,
1230 1612 1277 1676 ita
1304 1614 1415 1677 tamen
1442 1617 1479 1677 ut

204 1721 237 1783 in
263 1719 427 1783 metallico
456 1720 576 1784 electro
604 1720 749 1803 partium
779 1720 939 1784 ratIonem
967 1720 1066 1804 paulo
1097 1719 1190 1783 aliter
1219 1718 1376 1782 definiret.
1412 1718 1478 1782 iarn

203 1847 278 1890 vero
302 1825 336 1888 in
354 1826 441 1890 exitu
466 1825 613 1891 Serviani
637 1825 753 1890 scholii
777 1849 796 1890 a
819 1827 965 1912 vulgatis
992 1824 1084 1891 libris
1113 1825 1247 1888 discedit
1265 1823 1480 1889 Floriacensis

204 1930 315 2014 codex,
344 1930 399 2014 qui
429 1953 496 1998 non
524 1933 628 1996 solum
657 1932 737 1996 haec
764 1932 888 1998 addidit
916 1954 997 2016 quae
1030 1953 1102 1995 cum
1129 1930 1317 1995 Isidorianis
1347 1939 1481 1995 consen·

204 2038 291 2102 tiunt
313 2042 341 2101 et
362 2039 406 2102 ad
427 2039 548 2102 lamiae
570 2039 606 2101 ia
624 2039 894 2117 convictoclorias
907 2059 986 2103 atrro
999 2043 1028 2102 ct
1045 2042 1170 2121 arpenta
1190 2038 1281 2120 Iacet,
1305 2036 1362 2101 sed
1382 2036 1480 2101 etiam

206 2166 243 2208 ea
275 2165 357 2228 quae
381 2144 584 2226 antecedunt,
617 2167 698 2228 quae
731 2146 777 2210 sic
810 2147 948 2211 eduntur
980 2151 1008 2211 et
1038 2147 1142 2211 varios
1174 2146 1216 2209 ad
1249 2144 1485 2210 semilaudare

206 2252 311 2331 [arcus
333 2251 479 2332 coelestis]
503 2252 604 2316 reddit
624 2252 749 2336 colora,
777 2275 859 2318 unus
883 2254 1011 2338 integra
1039 2252 1158 2316 habero
1186 2251 1323 2317 videtur.
1361 2251 1485 2316 scilicet

206 2358 305 2423 verba
335 2379 417 2441 quae
448 2362 524 2422 sunt
556 2356 666 2423 ‘arcus
699 2358 864 2427 caelestis'
894 2382 967 2424 cum
997 2360 1037 2424 ad
1066 2359 1261 2423 sententiam
1288 2358 1485 2442 explendam

206 2465 388 2529 necessaria
412 2464 491 2547 sint,
515 2464 721 2529 librariorum
740 2466 947 2550 neglegentia
961 2466 994 2529 in
1009 2465 1151 2549 vulgatis
1171 2464 1264 2529 libris
1283 2464 1486 2529 intercidisse

207 2571 300 2634 dices.
338 2575 373 2635 at
396 2571 430 2634 in
453 2573 533 2636 meis
557 2571 720 2635 codicibus
747 2577 814 2636 non
838 2571 894 2636 ‘ad
918 2570 1179 2636 similitudinem'
1194 2573 1349 2656 scriptum
1369 2573 1487 2655 inveni,

208 2679 264 2741 sed
292 2676 348 2741 ‘ad
376 2676 690 2742 dissimilitudinem'
720 2678 754 2741 in
784 2676 960 2761 Reginensi
989 2676 1197 2763 Sangallensi
1225 2675 1399 2761 Lipsiensi,
1428 2676 1484 2741 ‘ad

208 2783 515 2848 idisimilitudinem'
549 2785 583 2848 in
610 2784 863 2868 Hamburgensi.
906 2784 980 2849 inde
1014 2783 1069 2849 ‘ad
1102 2785 1193 2849 iridis
1223 2782 1485 2849 similitudinem’

211 2890 359 2956 Servium
393 2891 560 2976 scripsisse
592 2892 729 2975 conicio,
761 2896 798 2956 ut
828 2892 983 2976 plenioris
1016 2891 1241 2956 commentarii
1275 2895 1388 2956 auctor
1420 2912 1488 2955 cor-

210 3001 325 3082 ruptae
348 2997 534 3063 breviorum
558 2999 716 3064 librorum
736 2999 916 3083 scripturae
940 2998 1100 3063 medelam
1119 2998 1160 3062 ab
1178 2998 1303 3062 Isidoro
1326 2998 1488 3081 petiverIt.

212 3126 310 3188 quam
334 3103 551 3169 coniecturam
577 3106 604 3168 si
627 3106 831 3188 probaveris,
860 3127 898 3169 ea
922 3127 1048 3190 quoque
1072 3126 1153 3188 quac
1178 3104 1340 3170 Servianis
1369 3104 1403 3167 in
1426 3126 1490 3168 uno

211 3210 409 3274 Floriacensi
432 3210 639 3294 adglutinata
663 3215 738 3275 sunt
768 3211 808 3275 ad
831 3211 991 3275 Isidorum
1016 3211 1120 3275 redire
1143 3210 1239 3274 facile
1263 3209 1426 3275 concedes.

301 3315 438 3400 Reliqua
462 3315 628 3381 Danielini
656 3317 877 3382 commentarii
904 3317 1041 3399 scholia,
1069 3338 1150 3401 quac
1174 3316 1303 3401 quidem
1332 3316 1395 3380 huc
1422 3337 1491 3399 per-

212 3424 316 3487 tinere
339 3422 472 3506 dixeris,
502 3445 539 3487 ex
562 3422 678 3487 Isidori
701 3423 785 3487 libro
814 3422 963 3487 videntur
987 3423 1147 3506 exscripta
1170 3443 1249 3486 esse.
1286 3421 1493 3486 conferantur

213 3530 299 3592 inter
322 3550 355 3592 se
379 3527 459 3592 Aen
482 3528 530 3592 XI
553 3527 619 3593 554
643 3532 675 3592 et
699 3550 744 3593 or.
768 3527 815 3592 VI
842 3528 897 3612 13,
921 3527 1186 3612 3;Aen.1416
1211 3531 1243 3591 et
1263 3549 1307 3592 or.
1321 3527 1368 3592 IX
1392 3529 1421 3611 2,
1435 3528 1492 3611 493

213 3634 294 3699 Aen.
316 3635 333 3698 I
355 3635 421 3698 490
445 3637 478 3698 et
500 3633 530 3697 X
554 3634 615 3698 651
642 3638 675 3698 ct
699 3657 742 3699 or.
765 3633 861 3699 XVII
884 3636 919 3717 4,
943 3636 977 3718 83
1000 3633 1079 3699 Aen.
1102 3634 1149 3699 IV
1176 3635 1236 3698 131
1262 3638 1295 3699 et
1318 3656 1362 3698 or.
1381 3631 1492 3698 XVIII

216 3743 250 3824 7,
272 3742 308 3823 43
331 3738 412 3803 Aen.
436 3739 483 3804 XI
514 3741 577 3805 144
601 3744 633 3803 ct
657 3762 702 3805 or.
725 3740 802 3804 XIX
825 3741 882 3825 31,
906 3741 935 3805 8.
972 3740 1088 3804 decimi
1112 3740 1275 3826 origInum
1298 3740 1373 3805 libri
1396 3739 1494 3824 parti-

215 3848 305 3913 culas
333 3846 411 3931 125,
438 3847 514 3930 159,
540 3847 601 3911 179
622 3869 703 3932 quae
722 3850 986 3932 propterrerum
1006 3847 1250 3924 similitudinem
1271 3870 1342 3911 cum
1362 3846 1493 3911 scholiis

217 3954 257 4018 ad
282 3952 362 4017 Aen.
385 3953 416 4017 X
444 3953 523 4030 302,
550 3951 613 4016 XH
638 3955 671 4037 7,
698 3953 778 4018 VIII
802 3956 865 4020 307
896 3942 1035 4019 conferri
1063 3960 1213 4039 possunt,
1240 3958 1374 4038 propter
1401 3955 1493 4018 dissi·

218 4058 431 4123 militudinem
457 4059 628 4123 verborum
659 4081 725 4124 non
748 4064 826 4146 puto
855 4061 967 4126 Servio
992 4061 1110 4125 deberi.
1155 4061 1290 4145 denique
1322 4083 1403 4145 quac
1427 4061 1495 4124 vul·

218 4169 295 4250 gato
321 4164 362 4229 ad
384 4184 495 4249 georg.
518 4161 551 4227 II
576 4164 617 4228 88
650 4165 774 4231 scholio
803 4167 840 4230 de
869 4167 1055 4231 crustumiis
1084 4167 1194 4231 addita
1218 4173 1294 4232 sunt
1322 4190 1359 4231 ea
1387 4189 1494 4230 recen·

217 4273 283 4337 tior
311 4271 428 4355 aliquis
459 4269 651 4335 scholiastes
680 4293 718 4335 ex
745 4272 862 4336 Isidori
890 4273 992 4357 copiis
1021 4274 1215 4357 adsumpsit,
1242 4297 1318 4338 nam
1348 4273 1496 4337 hemovi-
1594 4300 1601 4315 ·

219 4377 323 4443 censis
348 4376 447 4441 codex
472 4376 506 4439 in
529 4375 626 4459 primi
649 4378 725 4441 libri
749 4401 776 4442 v.
802 4378 864 4441 279
888 4379 1016 4443 desinIt.

310 4481 498 4548 Ostendisse
522 4481 633 4546 videor
656 4505 695 4546 ne
720 4483 766 4547 eis
791 4483 920 4567 quidem
939 4484 1021 4549 Iocis
1036 4485 1153 4570 quibus
1167 4484 1347 4550 Isidoriana
1367 4508 1403 4550 ex
1425 4485 1495 4551 Ser·

221 4589 326 4656 vianis
352 4588 482 4652 scholiis
513 4592 545 4652 et
568 4589 750 4673 pleniorum
774 4589 933 4654 librorum
962 4591 1197 4674 supplementis
1221 4593 1403 4675 composita
1427 4615 1497 4659 esse

223 4697 323 4780 dicae,
335 4695 442 4779 ipsum
458 4695 649 4778 ampliorem
666 4695 988 4761 commentarium‘ab
1003 4696 1129 4761 Isidoro
1145 4696 1326 4763 adhibitum
1342 4723 1421 4766 esse.
1450 4704 1497 4766 at·
1630 4682 1635 4690 .

224 4825 284 4887 que
304 4801 388 4886 quod
413 4822 458 4866 or.
477 4800 507 4864 X
526 4801 607 4885 2603
629 4800 691 4866 XV
711 4803 745 4886 2,
769 4802 812 4865 22
836 4804 868 4865 et
892 4803 926 4886 8,
951 4804 970 4867 8
995 4806 1028 4867 et
1048 4804 1102 4886 16,
1129 4806 1166 4867 11
1191 4807 1322 4888 praeter
1345 4804 1500 4872 Serviana
