3390 5414
272 338 337 402 622
847 338 967 393 SERVH

278 532 279 539 .
360 502 433 567 343.
471 518 719 580 5155555555
743 519 906 568 5555555
929 503 998 587 ipse
1021 503 1119 569 etiam
1143 504 1235 568 115555
1259 504 1401 569 5555555
1424 501 1555 588 aliquid

271 609 464 692 venustatis,
488 614 578 674 ortus
608 614 706 674 5555
729 610 863 695 gaudio,
891 614 928 674 ut
955 608 1124 676 Terentius
1153 634 1172 676 o
1200 611 1363 675 lacrimo
1394 609 1555 696 gaudio,

272 716 356 799 quod
380 721 413 782 et
435 717 587 803 congruit
609 738 709 799 puero
733 720 865 800 propter
888 716 1057 781 victoriam
1080 717 1297 800 inopinatam:
1321 722 1378 782 aut
1397 720 1483 783 certe
1505 716 1552 780 ad

270 824 512 888 miserationem
535 822 727 888 movendam
751 827 862 889 contra
882 845 956 889 eum
974 824 1030 908 qui
1050 845 1083 889 se
1103 823 1274 889 adserebat
1292 846 1363 889 esee
1382 824 1554 888 victorem.

228 940 252 988 -6
362 931 436 996 344.
472 947 622 996 viennens
647 952 802 1014 crescens,
826 935 863 995 ut
885 930 948 995 hio
972 936 1142 1016 segetes,
1165 931 1249 995 illic
1272 931 1432 996 veniunt
1454 930 1553 996 feli·

269 1037 350 1101 cius
374 1060 477 1103 uvae.

358 1145 432 1209 349.
470 1171 559 1212 onera
583 1146 685 1228 firma.
776 1161 888 1210 cnara
911 1164 1055 1211 nauuu'r
1079 1163 1184 1211 evum
1213 1150 1251 1210 ut
1278 1145 1416 1211 diximus
1446 1167 1553 1229 supra

269 1250 389 1335 <296>,
413 1253 489 1336 quia
512 1253 627 1328 παῖδες
649 1252 807 1318 dicuntur.

357 1359 431 1424 350.
467 1377 515 1423 nu
538 1377 664 1425 arcear
694 1358 808 1425 ‘liceat
835 1383 887 1426 me
920 1359 1096 1426 miserari':
1128 1382 1205 1424 nam
1233 1382 1298 1424 non
1326 1357 1393 1423 ‘me
1422 1357 1554 1443 liceat'‚

216 1474 249 1522 10
268 1466 324 1530 sed
348 1465 445 1531 ‘mihi
469 1466 583 1531 liceat'
607 1467 752 1532 dicimus.
843 1484 949 1534 casus
973 1468 1103 1552 adlusit,
1126 1491 1146 1533 a
1169 1467 1319 1532 cadendo.
1581 1474 1593 1481 “

357 1573 430 1639 351.
467 1592 610 1640 renovri
626 1574 747 1656 pellem.
792 1575 932 1640 mutavit
954 1597 1044 1640 more
1067 1597 1139 1640 suo:
1162 1596 1238 1640 nam
1262 1572 1407 1658 ‘tergus'
1431 1574 1553 1638 debuit

268 1679 381 1745 dicere.

355 1787 430 1852 352.
467 1804 657 1853 cunnosvu
680 1788 754 1872 plus
778 1791 830 1852 est
853 1809 949 1871 quam
973 1788 1001 1852 51
1025 1786 1216 1852 ‘oneratum'
1240 1788 1375 1871 diceret,
1402 1788 1485 1853 siout
1513 1793 1550 1853 et

267 1892 492 1959 ‘sceleratum'
518 1900 551 1959 et
575 1894 813 1961 ‘scelerosum'.
1170 1907 1173 1910 ’

215 2009 248 2058 15
358 2001 432 2066 355.
469 2019 529 2079 QVI
552 2020 670 2067 51555
695 2019 864 2067 cononum
888 2003 1022 2068 virtute:
1051 2002 1241 2085 asequenti
1264 2002 1348 2086 quod
1371 2002 1547 2086 praecedit

355 2109 429 2174 356.
465 2126 632 2176 recurvus
656 2112 737 2176 bene
760 2110 870 2183 dolum
894 2133 988 2175 suum
1011 2113 1150 2175 excusat.

354 2217 428 2282 358.
466 2233 618 2282 oranius
643 2235 726 2282 omn
744 2221 801 2282 aut
819 2217 849 2280 ei
868 2216 996 2282 adrisit:
1019 2219 1076 2281 aut
1099 2214 1427 2281 ε5111555551551.
1464 2239 1548 2282 sane

267 2344 408 2408 congrue
432 2348 524 2390 arma
546 2326 603 2390 dat
626 2325 744 2390 iuveni.

353 2432 428 2498 359.
464 2450 684 2499 5155550515
708 2450 819 2498 nauus
846 2433 917 2530 1555
946 2431 987 2496 55
1017 2430 1154 2515 artifice,
1180 2437 1219 2496 ut
1246 2429 1416 2495 divinum
1444 2451 1546 2514 opus

212 2545 246 2596 20
266 2538 561 2606 Alcimedontis.

353 2648 426 2713 360.
463 2666 617 2715 unrrvru
640 2665 750 2714 suono
773 2663 904 2712 515155
928 2663 976 2709 nn
998 2663 1028 2709 5.
1051 2662 1082 2709 5.
1107 2643 1253 2709 ‘Danais'
1282 2667 1301 2708 a
1329 2643 1462 2708 Danais.
1510 2650 1545 2710 55

262 2754 482 2838 intellegimus
505 2755 567 2820 hoe
590 2755 631 2819 ad
654 2755 796 2820 Aeneam
820 2753 979 2818 transisse
1001 2773 1059 2836 per
1082 2749 1250 2816 Helenum.

352 2861 426 2926 363.
463 2878 642 2927 pransuris
660 2861 770 2927 fortia:
795 2883 833 2926 ac
856 2860 884 2926 51
904 2860 1032 2944 diceret,
1053 2859 1080 2925 si
1100 2858 1186 2923 adsit
1204 2859 1277 2944 quis
1296 2859 1410 2943 plenus
1429 2858 1542 2923 animi.

335 3061 350 3107 2
370 3055 528 3126 Terentius]
549 3055 660 3125 adelph.
675 3055 714 3108 111
729 3062 753 3124 3,
768 3060 801 3108 55
815 3056 855 3125 55
874 3053 933 3126 515]
953 3070 1047 3124 georg.
1062 3053 1075 3105 I
1090 3058 1125 3107 54
1137 3054 1148 3122 5
1161 3060 1176 3108 9
1191 3053 1277 3107 115555
1289 3070 1334 3107 me
1349 3098 1354 3109 .
1368 3094 1391 3108 ..
1407 3053 1539 3125 dicimus]

263 3127 297 3180 cf.
316 3125 387 3181 Don.
406 3126 451 3181 ad.
471 3127 532 3181 Ter.
552 3127 612 3182 hec.
632 3127 702 3197 prol.
723 3127 771 3180 alt.
791 3146 816 3181 v.
837 3127 1141 3195 2513515555...
1162 3124 1340 3194 scelerosum]
1361 3125 1395 3181 cf.
1415 3124 1479 3180 leid.
1500 3142 1542 3179 or.

263 3199 288 3251 X
307 3203 359 3250 254
378 3201 407 3251 et
424 3198 495 3253 Don.
515 3198 551 3252 ad
570 3199 631 3253 Ter.
651 3215 713 3252 eun.
733 3198 771 3252 IV
789 3205 814 3264 3,
835 3198 920 3266 1519
939 3196 1076 3268 divinum]
1096 3196 1157 3251 555.
1176 3195 1268 3250 11137

335 3382 347 3429 1
369 3376 442 3448 ipse]
462 3377 589 3447 antipae
609 3377 646 3430 M
658 3378 667 3446 55
685 3382 701 3430 2
720 3378 771 3430 555
788 3392 805 3429 5
822 3375 926 3446 gaudio
946 3376 984 3429 M
987 3397 996 3428 :
1015 3379 1064 3430 aut
1082 3375 1184 3445 gaudio
1204 3375 1235 3428 F
1260 3391 1277 3429 a
1295 3375 1398 3445 gaudio
1416 3374 1450 3428 N
1451 3375 1518 3428 LH
1532 3376 1542 3448 55

263 3464 279 3503 0
300 3448 349 3501 M:
368 3465 417 3503 orn.
436 3449 536 3517 reliqui
554 3449 564 3518 5
582 3448 686 3518 gaudio
705 3464 755 3504 om.
776 3446 807 3501 F
821 3449 864 3517 553
885 3447 933 3518 ad]
953 3446 982 3500 di
1002 3446 1043 3512 F,
1061 3463 1110 3502 om.
1127 3447 1184 3516 H]
1204 3453 1221 3501 4
1239 3446 1417 3517 movendam]
1438 3463 1542 3501 menen

262 3518 309 3574 dii
327 3519 360 3572 Η
375 3521 385 3589 5
407 3526 423 3574 6
442 3519 526 3590 uvae]
546 3519 640 3574 venire
659 3520 725 3573 anni
744 3519 873 3573 dicuntur
891 3518 921 3572 in
939 3517 1177 3586 adolescentibus,
1197 3517 1269 3572 sicut
1286 3519 1315 3572 in
1334 3517 1445 3572 senibus
1463 3534 1540 3573 rece-

262 3590 335 3645 dere.
364 3591 497 3646 Horatius
515 3592 665 3659 (55.175)
687 3590 788 3645 ‘multa
805 3590 900 3644 ferunt
917 3589 984 3644 anni
1001 3590 1144 3643 venientes
1164 3590 1310 3644 commoda
1328 3605 1431 3656 secum,
1449 3588 1543 3644 multa

261 3661 422 3716 recedentes
441 3662 589 3716 adimunt'.
609 3663 672 3716 odd.
683 3662 713 3715 D
726 3664 735 3731 5
749 3667 764 3714 7
784 3678 867 3714 caari
885 3678 991 3714 555555
1007 3659 1088 3714 firma
1100 3679 1179 3715 rvaar
1194 3662 1226 3714 ut
1239 3660 1359 3714 diximus
1377 3677 1397 3716 5.
1412 3677 1436 3730 5.
1450 3677 1472 3716 o.
1488 3659 1521 3714 F
1530 3661 1541 3733 5

262 3738 278 3785 8
297 3733 375 3803 quia]
396 3733 444 3801 qui
462 3732 492 3786 F
516 3734 527 3803 5
553 3732 665 3804 παῖδες]
685 3747 795 3787 unsara
814 3731 845 3784 F
871 3731 979 3786 curaeio
997 3731 1031 3785 N
1046 3734 1093 3800 (at.
1113 3730 1177 3786 ideo
1196 3731 1267 3801 pede
1286 3733 1317 3786 in
1335 3748 1420 3801 marp.
1439 3732 1470 3801 5)
1489 3749 1540 3786 aa·

263 3805 383 3857 515511
410 3803 566 3858 τ515515Η
591 3804 676 3873 pedes
697 3805 734 3857 Μ
759 3799 862 3870 ἄνδρες
880 3801 929 3856 aul
948 3799 1048 3866 παῖδες
1065 3803 1177 3872 culpo]
1204 3803 1369 3857 9ccbolium
1388 3804 1425 3857 od
1441 3819 1466 3857 5.
1486 3808 1540 3857 350

261 3891 311 3929 om.
333 3874 363 3928 F
378 3877 388 3945 55
407 3875 545 3947 miserari]
566 3877 681 3929 alteram
699 3875 709 3928 i
727 3877 759 3929 in
776 3891 831 3930 rue.
850 3875 869 3934 1,
888 3874 1048 3928 miserarius
1067 3874 1099 3927 H
1114 3876 1124 3944 55
1147 3891 1211 3928 nam
1230 3891 1286 3928 non
1303 3890 1348 3928 me
1366 3873 1452 3929 115555
1470 3874 1540 3928 dici·

262 3964 323 3999 mus
342 3946 391 4000 sed
410 3945 480 4000 mihi
497 3946 582 4001 liceat
599 3946 688 4017 NH]
703 3953 736 4001 10
754 3964 834 4000 orave
848 3945 879 3999 F
905 3963 1005 3999 555555
1019 3945 1073 4014 H]
1088 3951 1119 3999 11
1141 3965 1222 3999 arara
1239 3953 1271 4000 15
1290 3945 1343 4015 Η5
1356 3944 1463 4016 tergus]
1482 3946 1539 3999 ter-

262 4035 329 4086 gum
349 4016 380 4071 F
393 4019 403 4086 55
428 4023 460 4071 11
480 4017 584 4089 dicere]
604 4034 668 4071 cum
686 4022 797 4099 tergum
815 4016 921 4071 habeat
939 4015 1030 4070 carnis
1049 4016 1281 4086 appellationem,
1300 4017 1397 4086 tergus
1416 4033 1481 4071 vero
1500 4015 1540 4071 sit

261 4088 355 4158 pellis,
374 4093 407 4142 ut
426 4088 526 4156 (1211)
548 4089 672 4159 ‘tergora
690 4088 827 4158 dirrpiunt
845 4086 941 4142 costis'
961 4088 1025 4143 odd.
1036 4088 1089 4156 D]
1106 4088 1143 4142 od
1162 4087 1253 4143 aureis
1272 4089 1303 4141 ia
1321 4104 1406 4157 marp.
1426 4089 1460 4142 ab
1479 4089 1539 4143 5555

260 4177 346 4214 manu
364 4161 502 4229 55155155
520 4162 753 4216 tirocinabatur
771 4164 809 4215 est
831 4159 878 4213 551
899 4174 998 4213 reuera
1023 4156 1162 4228 unguibus
1185 4158 1276 4214 aureis
1298 4158 1329 4213 id
1347 4162 1390 4213 555
1408 4175 1475 4214 auro
1493 4157 1537 4213 in-

261 4231 383 4313 capsatis
402 4232 431 4286 et
448 4230 561 4286 inclusis
580 4231 627 4286 uel
645 4231 736 4286 aureis
756 4229 825 4284 dicit
849 4229 878 4283 id
902 4229 946 4284 est
968 4246 1083 4284 aureum
1101 4229 1224 4285 colorem
1241 4229 1419 4288 habentibus.
1455 4231 1537 4285 leone

260 4319 335 4357 emm
355 4305 515 4358 senescente
533 4319 640 4372 ungues
658 4303 735 4358 illius
754 4301 831 4356 aurei
854 4298 955 4356 coloris
979 4301 1050 4355 fiunt
1070 4301 1095 4354 Τ
1115 4303 1125 4371 5
1154 4308 1185 4356 13
1206 4321 1346 4356 onososvn
1365 4300 1396 4355 F
1421 4320 1537 4356 sorrac-

261 4393 312 4428 svn
330 4374 365 4427 H
388 4392 546 4429 nonanoavu
566 4375 604 4427 M
624 4377 633 4443 55
660 4376 808 4428 oneratum
828 4371 930 4426 FNH
952 4372 1120 4428 honeratam
1138 4373 1208 4426 LM
1227 4375 1238 4442 15
1265 4375 1294 4428 55
1313 4378 1376 4442 post
1394 4373 1466 4428 sicut
1484 4389 1535 4429 om.

260 4444 332 4498 FM
348 4447 358 4514 55
382 4450 414 4499 15
435 4447 567 4513 sequente
586 4445 620 4499 N
621 4444 686 4498 LH
689 4446 726 4498 M
744 4443 882 4513 (sequenti
900 4444 920 4512 1)
938 4445 948 4513 5
966 4445 1003 4500 ad
1021 4443 1070 4513 551
1087 4442 1171 4498 15515
1190 4460 1320 4499 coronam
1338 4461 1413 4513 supr.
1432 4460 1498 4499 5555.
1519 4462 1537 4500 5

259 4517 392 4585 55555555
411 4516 440 4570 id
459 4517 534 4584 quod
553 4516 692 4586 praecidit
706 4517 766 4585 (sic)
780 4515 913 4584 intellege
927 4514 995 4583 5515
1013 4514 1157 4584 praecedit
1174 4514 1262 4569 uirtus
1281 4519 1310 4569 et
1329 4515 1455 4584 sequitur
1473 4516 1536 4570 laus

261 4587 287 4640 Τ
307 4590 317 4658 5
343 4588 497 4658 praecedit]
520 4605 585 4642 nam
605 4604 637 4641 ex
655 4587 761 4641 uirtute
779 4585 959 4655 praecedenti
978 4586 1103 4656 sequitur
1120 4586 1182 4641 laus
1201 4587 1264 4642 ade.
1284 4587 1314 4640 D
1336 4588 1345 4655 5
1373 4593 1405 4641 17
1425 4586 1465 4641 511
1482 4587 1509 4639 L
1526 4587 1537 4659 55

260 4664 293 4711 19
312 4677 469 4712 monnone
487 4658 521 4712 N
522 4658 587 4713 LH
590 4660 627 4712 M
638 4659 648 4728 55
666 4657 755 4712 (115151
775 4659 833 4727 Μ5
851 4664 885 4712 20
905 4657 1120 4713 alchimedontis
1139 4659 1205 4713 libri
1218 4663 1330 4726 praeter
1349 4658 1387 4711 M
1397 4659 1408 4728 5
1426 4664 1459 4713 111
1479 4657 1536 4713 Da·

258 4728 319 4784 nais
338 4746 388 4785 om.
403 4729 518 4800 151155
536 4730 652 4801 Danais]
671 4731 700 4784 te
720 4729 817 4784 555515
835 4729 869 4782 Η
878 4731 888 4799 55
908 4735 943 4783 22
961 4728 1113 4800 Helenum]
1133 4745 1167 4783 ne
1186 4729 1316 4785 videatur
1335 4746 1368 4784 ex
1387 4728 1535 4799 sacrilegio

80 4816 85 4827 ·
168 4832 170 4835 .
258 4800 416 4868 quaesitum
435 4801 497 4856 add.
512 4801 542 4855 D
