3396 5422
241 375 306 442 566
510 422 524 453 ,
823 375 942 430 snavn

242 542 299 608 uhi
324 546 357 606 et
379 540 488 606 Iovem
513 539 727 623 conplectitur
755 543 788 605 et
810 562 986 624 supernum
1015 539 1220 604 Mercurium.
1267 540 1323 604 sed
1351 543 1461 624 potest
1488 544 1521 605 et

242 651 303 716 hoc
335 650 406 713 loco
438 651 474 713 ut
503 648 642 712 diximus
676 648 768 733 quasi
800 648 1008 732 phantasiam
1039 647 1144 712 facere
1175 651 1308 732 propter
1336 647 1456 731 socios,
1489 650 1522 711 et

242 756 404 843 ‘quisquis
429 754 478 820 es'
502 755 574 820 ideo
598 755 713 838 dicere,
737 755 821 840 quia,
840 755 917 820 licet
936 755 1062 838 viderit,
1085 777 1150 821 non
1173 758 1283 820 tamen
1305 777 1340 819 re
1365 778 1441 820 vera
1463 778 1521 821 no·

242 865 290 929 vit
312 886 384 929 esse
406 863 617 927 Mercurium:
641 863 723 927 unde
744 863 792 927 ait
810 884 909 946 supra
928 861 1037 946 <556>
1058 866 1092 928 et
1115 861 1286 926 ‘formam'
1310 865 1343 927 et
1366 861 1519 927 ‘vultum’

207 975 276 1037 bet
300 970 386 1036 ‘visa
409 993 541 1036 monere
565 968 638 1035 est’.
684 971 729 1034 nel
754 969 907 1052 ‘quisquis
934 968 979 1034 es’
1007 971 1172 1035 secundnm
1195 971 1379 1052 pontificiae
1406 992 1520 1034 nmen

240 1081 295 1164 qni
316 1080 360 1144 sie
376 1083 546 1161 precantur
568 1077 741 1160 Iuppiter
763 1079 1004 1161 omnipotenS,
1034 1079 1089 1142 uel
1116 1098 1184 1159 qno
1212 1079 1289 1142 alio
1318 1083 1348 1141 te
1375 1079 1521 1142 nornine

240 1187 429 1270 appellari
455 1186 625 1250 volneris.
676 1206 738 1249 non
769 1185 851 1248 nnlli
878 1190 980 1248 tarnen
1011 1189 1157 1266 qnatrror
1184 1185 1356 1250 Mercurios
1384 1185 1520 1262 tradunt,

241 1315 340 1359 annm
364 1292 450 1358 Caeli
472 1298 500 1356 et
522 1292 597 1357 Diei
618 1293 729 1375 filiuni,
752 1296 920 1356 amatorem
943 1291 1160 1373 Proserpinae,
1183 1293 1315 1356 alternrn
1338 1291 1443 1356 liberi
1460 1314 1520 1374 pa

242 1403 299 1466 tris
321 1406 350 1465 et
371 1400 575 1482 Proserpinae
600 1400 711 1482 filiurn,
740 1400 863 1463 tertinrn
898 1399 983 1463 Iovis
1010 1403 1039 1462 et
1064 1399 1187 1478 Maiae,
1214 1404 1360 1482 quartani
1388 1397 1520 1482 Cyllenii

190 1519 225 1568 1⁰
241 1510 352 1592 filiurn,
374 1509 462 1573 enine
485 1512 583 1571 rnater
604 1527 667 1571 non
690 1507 848 1591 proditur,
871 1527 892 1569 a
914 1528 973 1588 qno
996 1506 1102 1590 Arane
1129 1507 1210 1573 clam
1236 1509 1351 1573 ocnsns
1377 1513 1434 1591 cst,
1466 1509 1521 1589 qni

240 1617 296 1681 hoc
321 1622 403 1681 nicta
429 1617 464 1680 in
492 1615 664 1698 Ampptinn
686 1615 829 1698 profugit
854 1620 883 1679 et
909 1615 953 1679 ihi
979 1615 1130 1680 inuasisse
1151 1617 1291 1698 primam
1323 1617 1520 1698 disciplinans

243 1725 415 1790 litterarum
433 1728 461 1787 et
482 1743 680 1786 numeroram
698 1722 829 1787 dicitnr:
851 1724 906 1804 qni
924 1724 1032 1806 linpna
1047 1724 1267 1806 Aepyptiornm
1281 1728 1398 1789 DEDD
1416 1726 1519 1807 appel-

244 1832 336 1912 latnr,
358 1833 395 1896 de
417 1831 504 1895 cnins
525 1831 649 1895 nornine
676 1833 769 1895 etiam
797 1831 910 1896 nensis
938 1830 1036 1896 dietas
1063 1836 1113 1896 est.
1205 1849 1335 1896 rrnuvn
1358 1848 1519 1896 Pnannvs

203 1925 210 1934 ⁵
243 1939 320 2025 quia
342 1940 408 2004 iam
430 1940 520 2005 semel
543 1943 696 2023 paruerat
719 1940 967 2024 praeparatione
991 1939 1204 2026 navigiorum.

190 2059 223 2108 15
330 2047 404 2113 518.
442 2065 486 2111 nr
514 2065 641 2113 smnus
671 2064 786 2115 canno
819 2066 961 2114 1111111
994 2066 1104 2113 anans
1134 2046 1273 2113 ‘dentre’
1302 2069 1460 2131 prospera.
1493 2053 1522 2110 et

243 2153 374 2221 ‘sidera'
398 2154 461 2219 hoc
484 2158 534 2220 est
558 2160 685 2240 ventae,
709 2157 826 2242 quiex
850 2160 925 2222 ortu
953 2155 1093 2219 siderum
1122 2159 1178 2220 aut
1201 2157 1289 2221 mites
1315 2161 1344 2220 et
1365 2154 1520 2239 prosperi,

242 2266 299 2327 aut
322 2263 487 2327 turbulenti
509 2268 537 2327 et
559 2262 684 2329 adversi
709 2269 792 2330 sunt.
838 2265 885 2330 sic
909 2265 942 2328 in
965 2264 1125 2349 georgicis
1146 2263 1289 2347 <1204>
1313 2266 1520 2347 praeterea

241 2373 319 2435 tam
342 2373 431 2434 sunt
454 2371 602 2436 arcturi
626 2371 755 2436 sidera
777 2373 902 2437 nobis:
925 2394 984 2436 nec
1007 2372 1092 2436 enim
1117 2370 1254 2436 ‘sidera’
1279 2371 1358 2435 dicit
1381 2391 1415 2434 re
1434 2392 1519 2453 vera,

242 2499 314 2541 cum
339 2481 485 2542 arcturus
510 2500 574 2542 una
594 2478 638 2542 sit
656 2480 765 2544 stella:
790 2502 868 2566 ergo
888 2479 1017 2546 ‘dextra
1033 2478 1153 2544 sidera'
1168 2482 1281 2544 ventos
1297 2480 1348 2543 vel
1363 2483 1520 2562 tempora.

189 2595 223 2642 20
331 2585 404 2650 580.
441 2611 623 2652 rvarrruarn
642 2590 769 2670 anidani
790 2589 955 2671 fulgentem
982 2589 1145 2670 acapinnt.
1245 2613 1420 2660 srnreroovr
1440 2588 1519 2653 vidc-

227 2697 293 2778 ¹tnr
315 2694 473 2759 abundem
496 2692 640 2775 ‘stricto’,
663 2716 731 2758 cnm
754 2695 867 2759 dicerit
890 2694 1076 2778 ‘rapinaque
1099 2695 1190 2776 eripit
1211 2692 1337 2758 ensern'.

331 2799 406 2866 581.
442 2829 519 2867 man
535 2823 593 2883 pro
620 2823 653 2866 eo
681 2803 764 2884 qnod
793 2807 837 2867 est
867 2823 962 2885 nnnc,
993 2807 1029 2867 nt
1059 2774 1110 2884 '<X
1136 2801 1220 2883 112>
1253 2822 1317 2866 rex
1348 2801 1520 2885 Iuppiter

241 2909 409 2973 omnibns
430 2910 534 2975 idem.
606 2935 793 2982 1111111111
813 2931 891 2974 nnrn
912 2910 1065 2975 ancoras?
1151 2935 1310 2982 1111111111
1330 2910 1392 2992 i'psi
1413 2915 1519 2993 ruant,

241 3016 277 3080 id
297 3021 341 3082 est
362 3039 431 3081 cnm
452 3018 567 3100 impetn
588 3018 744 3098 festinant.

190 3131 224 3180 25
331 3122 405 3190 582.
447 3151 550 3190 arrone
569 3150 741 3190 ursnarnar
762 3127 844 3189 mira
866 3126 1026 3207 descriptio
1047 3125 1265 3206 festinationis.

332 3230 405 3296 583.
449 3257 599 3305 renouare
616 3257 731 3297 sernas
748 3233 794 3296 ita
811 3233 894 3297 enim
911 3253 1013 3297 remus
1030 3233 1142 3315 agitur,
1160 3238 1196 3296 nt
1208 3233 1319 3313 flnctus
1334 3237 1518 3314 torqueatur.

331 3337 405 3402 584.
445 3356 553 3402 PRIMA
572 3356 711 3404 avaona
729 3339 909 3424 designatio
924 3341 1080 3424 temporis
1100 3342 1158 3422 est,
1173 3362 1238 3405 non
1252 3339 1317 3403 diei
1331 3339 1519 3423 descriptio:

242 3445 326 3509 unde
357 3444 458 3509 infert
486 3444 538 3510 ‘ut
565 3445 705 3529 primum
733 3447 895 3511 albescere
924 3447 1027 3512 lucem
1059 3446 1166 3512 vidit'.
1195 3448 1241 3511 sic
1269 3447 1303 3510 in
1331 3447 1519 3512 duodecimo

314 3627 404 3676 'lnon
426 3621 498 3675 nulli
520 3624 616 3678 tamen
636 3664 641 3677 .
662 3665 668 3678 .
690 3665 695 3677 .
715 3623 805 3678 dictus
824 3623 878 3695 est]
905 3623 940 3678 cf.
959 3623 1039 3679 Luat.
1059 3623 1135 3678 Plac.
1155 3623 1192 3678 ad
1211 3621 1282 3678 Stat.
1303 3622 1390 3677 Theb.
1409 3622 1448 3677 IV
1467 3629 1518 3677 482

243 3694 273 3747 et
290 3691 429 3762 mythogr.
448 3694 474 3747 11
493 3699 525 3747 41

314 3857 329 3907 5
353 3852 467 3922 quidam
489 3855 543 3911 hoc
567 3856 642 3924 quod
665 3855 734 3911 dicit
756 3856 881 3925 quisquis
904 3857 947 3910 est
970 3857 1029 3925 (sic)
1053 3857 1204 3910 secundum
1228 3856 1390 3926 pontificum
1413 3873 1519 3910 morem

242 3923 348 3979 dietum
368 3941 427 3979 esse
446 3926 588 3996 accipiunt
605 3926 654 3995 qui
673 3928 712 3982 sic
731 3929 879 3997 precantur
894 3970 936 3983 ...
951 3926 1037 3981 etiam
1051 3928 1153 3982 mensis
1167 3927 1258 3983 dietus
1273 3930 1314 3982 est
1331 3929 1363 3982 in
1376 3944 1461 3995 mara.
1476 3927 1514 3993 Tl

243 4004 259 4052 6
278 3996 382 4065 iupiter
401 3998 557 4067 omnipotes
576 3998 606 4052 F
617 4000 627 4070 ιΙ
640 3999 669 4054 te
688 4015 735 4053 orn.
751 3999 782 4052 F
792 4001 802 4066 ΙΙ
817 4005 831 4052 7
851 3999 975 4066 apellare
991 3999 1021 4052 F
1031 4000 1041 4069 ΙΙ
1055 4001 1175 4068 quatuor
1189 4000 1219 4054 F
1230 4002 1240 4069 l
1253 3998 1454 4054 mercurcurios
1469 3999 1500 4053 F
1511 3999 1519 4068 l¹

243 4067 399 4122 tteritium
415 4069 466 4139 Fll
480 4069 592 4139 eylelini
606 4070 636 4124 F
662 4070 766 4124 cillenii
788 4071 834 4140 Tu
849 4076 882 4124 10
901 4089 985 4140 argus
1006 4071 1043 4123 T:
1062 4089 1132 4141 argu
1151 4071 1181 4125 F
1206 4089 1273 4127 arcu
1292 4071 1396 4125 Daniel
1409 4073 1418 4140 ΙΙ
1432 4070 1517 4141 clam]

1304 4162 1320 4200 n

242 4211 357 4280 quidam
380 4212 433 4283 ΤιΙ
456 4212 563 4267 occisus
583 4212 657 4275 FF:¹
673 4211 766 4267 occisa
783 4211 888 4267 Daniel
909 4215 918 4283 ΙΙ
948 4219 979 4267 11
999 4213 1053 4270 hoc
1071 4216 1150 4269 metu
1168 4215 1285 4269 Daniel:
1313 4215 1472 4269 nemetum
1492 4213 1522 4266 F

241 4283 296 4338 hoo
315 4285 423 4336 metum
444 4284 470 4335 Τ
492 4283 528 4338 ob
546 4286 652 4338 metum
672 4284 740 4338 coni.
753 4283 886 4352 Hagenns
899 4287 908 4354 ΙΙ
924 4291 956 4338 1a
976 4303 1121 4340 numerum
1140 4285 1206 4350 FT,
1225 4286 1332 4340 correxi
1345 4287 1354 4354 ΙΙ
1369 4303 1431 4340 arro
1452 4284 1482 4337 F
1488 4285 1519 4349 T,

242 4371 292 4408 orn.
301 4354 414 4418 Daniel,
428 4354 522 4409 Thoth
534 4355 690 4409 Mescinius
700 4356 809 4423 primns
822 4358 832 4425 ΙΙ
846 4356 985 4423 apellatur
996 4357 1027 4410 F
1037 4358 1047 4426 ΙΙ
1062 4364 1093 4411 13
1105 4357 1231 4411 cnomine
1243 4357 1273 4410 F
1283 4357 1293 4426 ΙΙ
1309 4362 1341 4410 14
1351 4359 1521 4421 parauerant

243 4425 275 4480 F
285 4427 294 4495 l
310 4431 342 4478 15
362 4427 399 4480 ad
417 4425 515 4479 dextra
533 4443 608 4493 snpr.
628 4443 693 4480 uera
713 4426 837 4496 propitia
857 4428 882 4480 T
894 4430 903 4496 ΙΙ
917 4445 1080 4497 prosperum
1101 4429 1131 4482 F
1142 4430 1151 4498 ΙΙ
1167 4434 1198 4482 11
1218 4427 1309 4482 auersi
1330 4427 1397 4480 FH
1407 4428 1417 4495 ΙΙ
1433 4434 1464 4481 19
1484 4429 1519 4481 si·

242 4497 310 4551 dera
327 4513 377 4551 oni.
397 4496 431 4550 H
444 4499 454 4566 u
473 4503 507 4551 20
526 4498 563 4550 ad
581 4496 747 4552 fulmineum
766 4515 841 4567 snpr.
860 4515 927 4553 cers.
947 4499 1060 4568 quidam
1078 4500 1241 4569 fulgentem.
1252 4497 1395 4568 accipiunt
1416 4499 1442 4551 T
1455 4501 1465 4567 ΙΙ
1483 4501 1520 4553 ad

243 4569 396 4636 strictoque
415 4585 490 4636 snpr.
510 4585 576 4622 aaa.
596 4568 694 4624 stricto
713 4569 786 4624 ferro
805 4569 917 4625 uidetur
937 4613 942 4624 .
963 4612 969 4624 .
989 4615 995 4626 .
1016 4588 1109 4626 ensem
1133 4571 1228 4640 Τ1121
1249 4569 1390 4625 abundare
1412 4570 1519 4624 Masci-

242 4641 314 4694 cine:
333 4639 368 4694 ab
387 4656 444 4694 una
461 4655 491 4693 re
507 4639 567 4693 FT
579 4641 589 4710 ΙΙ
602 4646 635 4694 22
656 4640 784 4695 aelidem
803 4658 879 4710 capr.
898 4659 964 4697 nere.
984 4641 1058 4697 idem
1078 4641 1172 4712 posuit
1190 4659 1239 4711 pro
1259 4644 1295 4696 ed
1312 4685 1317 4695 .
1335 4683 1362 4696 ..
1382 4640 1455 4695 idem
1475 4642 1500 4693 Τ
1511 4642 1520 4710 ll

241 4717 275 4766 23
296 4712 333 4765 nd
351 4710 519 4780 rapiuntque
538 4717 563 4766 et
580 4714 718 4781 ruuntque
736 4729 812 4775 anor.
827 4730 894 4768 uere.
914 4713 1050 4769 anchoras
1068 4713 1177 4768 scilicet
1194 4718 1219 4767 et
1235 4729 1298 4766 cum
1317 4712 1425 4781 impetu
1444 4713 1519 4767 festi-

240 4784 311 4837 nant
331 4782 356 4835 T
365 4784 375 4849 ΙΙ
393 4783 545 4852 avvurovnl
567 4801 733 4844 enarrarem:
752 4784 784 4838 F
794 4787 803 4854 ΙΙ
822 4790 855 4839 25
874 4785 977 4840 scholia
995 4786 1032 4839 ad
1050 4803 1073 4840 v.
1092 4790 1143 4839 582
1163 4788 1352 4855 1158311111.
1371 4801 1438 4839 vers.
1458 4786 1518 4841 hab.

245 4853 289 4922 Tl
303 4859 336 4907 2⁷
356 4852 501 4922 discriptio
520 4854 554 4908 H
772 4885 776 4890 ·
