3396 5422
262 352 353 407 XXIV
796 353 1011 411 PRAEFATIO.

263 516 394 583 eosdem
415 516 582 583 Danielini
604 518 827 583 commentarii
856 517 981 583 auctori
1005 522 1136 604 praesto
1163 518 1263 584 fuisse
1288 518 1369 583 mihi
1388 521 1543 604 persuasi.

263 647 340 689 nam
362 647 403 689 ne
426 624 506 689 illud
530 624 659 708 quidem
678 625 871 689 veri-simile
891 647 960 691 esse
979 625 1138 711 videbam,
1161 649 1200 692 ex
1218 626 1299 710 ipsis
1315 625 1542 693 Saturnalibus

264 733 296 796 in
328 732 493 816 pleniores
523 729 627 796 Servii
657 731 783 796 codices
814 731 976 796 translata
1006 753 1076 796 esse
1107 755 1189 816 quae
1219 736 1429 817 utrorumque
1459 755 1542 799 com-

265 839 376 903 munia
401 841 523 921 essent3
547 842 659 904 extant
682 837 825 903 enimin
849 836 1039 903 Oassellano
1063 842 1097 903 et
1119 838 1319 904 Floriacensi
1342 845 1374 906 et
1398 840 1542 905 Lemovi-

266 947 354 1011 censi
378 968 460 1030 quae
483 967 587 1029 neque
611 945 821 1010 inveniuntur
844 945 928 1029 apud
951 943 1168 1030 Macrobium,
1192 950 1224 1010 et
1246 947 1294 1010 ita
1317 949 1393 1011 sunt
1415 969 1543 1031 compa·

264 1056 351 1136 rata,
381 1055 418 1117 ut
447 1074 513 1116 non
542 1051 714 1117 videantur
743 1052 784 1116 ab
815 1051 977 1116 inferioris
1001 1051 1118 1116 aetatis
1141 1052 1274 1118 homine
1297 1052 1408 1118 addita
1431 1075 1510 1118 esse.
1518 1052 1543 1135 1)

269 1181 350 1243 quae
373 1159 570 1224 Ribbeckiua
595 1159 615 1224 l.
638 1159 659 1224 l.
682 1159 854 1244 proposuit
881 1161 920 1222 ut
941 1157 1037 1223 huius
1061 1145 1354 1245 argumentationis
1378 1159 1456 1224 fides
1480 1160 1542 1224 ele-

265 1269 411 1349 veretur,
435 1287 473 1331 ea
496 1266 562 1330 suis
586 1266 666 1331 locis
689 1265 809 1350 partim
834 1268 1086 1329 commemorata
1109 1269 1185 1330 sunt
1206 1267 1328 1350 partim
1352 1289 1543 1331 commemo·

265 1372 438 1437 rabuntur:
460 1395 536 1438 nam
562 1373 602 1438 ad
625 1372 811 1437 universam
830 1371 956 1457 vulgati
975 1375 1009 1436 et
1026 1371 1182 1455 plenioris
1201 1373 1425 1438 commentarii
1444 1374 1542 1438 ratio·

264 1501 338 1543 nem
362 1479 533 1563 pertinent.

355 1584 501 1669 Denique
530 1586 577 1649 in'
592 1590 708 1670 quarto
738 1585 994 1652 Saturnaliorum
1024 1588 1123 1672 libr0,
1151 1611 1213 1674 quo
1238 1586 1423 1653 Macrobius
1448 1587 1542 1672 Sym-

267 1688 417 1757 machurn'
449 1692 702 1758 ‘violentissima
731 1694 864 1758 inventa
894 1695 945 1758 vel
976 1716 1071 1759 sensa
1093 1693 1272 1763 rhetoricae
1296 1697 1330 1761 iu
1353 1695 1542 1782 Vergiliano

267 1798 379 1884 opere'
404 1800 680 1865 demonstrantem
703 1799 790 1884 fecit,
811 1799 895 1864 nihil
913 1801 1021 1865 inesse
1041 1802 1166 1866 ostendi
1186 1802 1272 1886 quod
1291 1825 1363 1867 cum
1378 1801 1542 1867 Servianis

267 1907 517 1972 commentariis
530 1906 724 1970 conveniret.
761 1906 799 1969 de
823 1906 935 1990 quinto
959 1907 1057 1990 libro,
1082 1928 1144 1991 quo
1169 1907 1339 1989 exponitur
1363 1907 1439 1992 quid
1463 1908 1539 1973 Ver·

263 2015 362 2100 gilius
386 2038 403 2079 e
428 2013 623 2078 Graecorum
646 2017 830 2098 poetarum,
858 2011 995 2078 Homeri
1018 2013 1182 2096 inprimis,
1205 2013 1403 2079 carminibus
1427 2015 1459 2078 in
1485 2038 1543 2079 sua

263 2122 480 2204 transtulerit,
503 2124 536 2185 et
558 2120 596 2183 de
616 2119 704 2184 'sexti
727 2119 802 2185 libri
827 2119 985 2204 capitibus
1004 2120 1062 2183 1-
1089 2172 1098 2203 ,
1122 2120 1239 2204 quibus
1265 2143 1302 2186 aa
1328 2125 1543 2206 recensentur,

265 2252 346 2314 quae
376 2252 395 2293 a
422 2226 551 2293 Latinis
580 2226 685 2311 poetis
716 2226 952 2311 antiquioribus
976 2226 1142 2311 Vergilius
1171 2229 1333 2312 accepisse
1363 2229 1543 2312 videbatur,

263 2358 366 2421 pauca
390 2335 464 2400 dixi.
502 2334 582 2399 haec
607 2335 692 2398 enim
716 2333 757 2398 ad
781 2333 911 2399 Perellii
935 2334 1049 2399 Fausti
1073 2338 1106 2400 et
1129 2333 1165 2410 Q.
1176 2334 1303 2400 Octavii
1329 2335 1419 2399 Aviti
1442 2335 1542 2400 libros

265 2442 317 2528 (cf.
342 2441 427 2508 Suet.
451 2465 481 2526 p.
507 2441 549 2507 65
564 2464 611 2526 sq.
634 2439 835 2528 Reiffersch.)
859 2441 963 2504 redire
986 2441 1056 2524 ipse
1079 2440 1277 2506 Ribbeckius
1301 2443 1422 2527 proleg.
1446 2466 1475 2527 p.
1500 2443 1542 2507 99

266 2554 299 2614 et
320 2552 382 2615 113
407 2549 525 2615 docui-t.

364 2657 426 2722 His
467 2656 570 2742 igitur
610 2655 792 2721 observatis
835 2653 939 2719 Servii
980 2655 1247 2720 commentarium
1288 2653 1455 2720 Macrobio
1503 2658 1543 2722 ad
1630 2683 1634 2701 .

267 2789 398 2831 manum
434 2765 535 2829 fuisse
571 2764 696 2848 negavi.
757 2761 839 2826 addo
878 2761 964 2846 quod
1000 2784 1102 2846 nuper
1140 2762 1334 2827 Thomasius
1376 2759 1424 2848 (p.
1460 2762 1542 2848 161)

266 2895 324 2937 suo
353 2873 422 2937 iure
445 2871 584 2954 monuit,
613 2873 725 2953 aperte
753 2867 956 2935 Macrobium
984 2869 1211 2966 significasse„
1226 2890 1264 2933 ex
1293 2870 1542 2954 antiquorum

264 2980 358 3044 libris
391 2979 537 3043 derivata
569 2999 639 3042 esse
672 2998 754 3062 quae
780 2976 961 3041 Eustachio
994 2977 1062 3041 filio
1095 2972 1271 3061 offerret.²)
1319 2998 1355 3041 ac
1388 2998 1428 3041 ne
1461 2977 1540 3042 illud

267 3085 394 3171 quidem
431 3089 511 3170 puto
549 3085 764 3150 omittendum
802 3106 885 3168 esse,
921 3105 987 3149 nou
1025 3083 1128 3148 solere
1165 3082 1367 3149 Macrobium
1405 3106 1542 3149 comme-

266 3214 392 3257 morare
417 3192 533 3276 quibus
557 3191 745 3255 auctoribus
769 3213 846 3255 usus
871 3191 922 3274 sit,
946 3189 1048 3255 veluti
1071 3189 1178 3273 Gellii,
1201 3189 1372 3275 Athenaei,
1394 3188 1542 3276 Senecae,

267 3321 403 3384 quorum
432 3321 449 3362 e
477 3297 571 3363 libris
598 3297 686 3362 haud
715 3318 817 3381 pauca
846 3297 880 3360 in
903 3295 1092 3362 Saturnalia
1118 3297 1279 3362 translata
1306 3319 1376 3362 esse
1405 3302 1542 3382 constat,

264 3428 305 3470 ne
338 3405 472 3470 nomina
506 3403 634 3489 quidem
666 3404 886 3488 inveniuntur,
917 3403 1112 3469 Plutarchus
1142 3408 1251 3469 autem
1276 3405 1463 3470 nominatur
1486 3404 1543 3470 illa

265 3512 394 3597 quidem
418 3509 810 3597 (V113‚24)‚·ednihil
834 3510 971 3594 additur,
996 3510 1078 3575 unde
1102 3512 1274 3596 septimum
1298 3511 1418 3577 librum
1441 3535 1543 3597 prope

265 3623 373 3685 totum
396 3641 435 3682 ex
454 3618 677 3682 convivalibus
697 3618 764 3682 eius
785 3618 1031 3702 quaestionibus
1051 3618 1248 3702 exscriptum
1268 3641 1337 3684 esse
1357 3639 1543 3705 cognoscas.

264 3726 350 3811 quod
373 3747 446 3789 cum
469 3724 516 3789 ita
540 3724 583 3789 sit
597 3723 798 3816 Macrobium
819 3724 846 3790 ai
868 3714 1040 3790 Serviauos
1061 3727 1310 3791 commentarios
1335 3728 1544 3811 compilasset

264 3820 338 3898 non
358 3835 438 3914 puto
468 3853 646 3916 sermones,
677 3854 756 3916 quos
785 3832 871 3896 inter
900 3831 1104 3898 doctissimos
1134 3833 1220 3897 illius
1250 3834 1367 3898 aetatis
1397 3833 1543 3898 homines

264 3941 396 4005 habitos
420 3961 491 4004 esse
513 3939 619 4022 finxit,
642 3939 689 4003 ita
713 3939 941 4004 instituturum
963 3937 1078 4022 fuisse,
1101 3943 1138 4005 ut
1160 3939 1271 4006 Servio
1295 3941 1358 4025 ipsi
1382 3939 1469 4005 haud
1493 3962 1542 4003 ex-

265 4048 374 4133 iguam
403 4068 514 4112 eorum
541 4050 669 4131 partem
697 4046 862 4110 tribueret.
915 4045 970 4130 qui
998 4048 1105 4111 autem
1129 4048 1251 4113 fuerint
1273 4049 1309 4112 in
1331 4047 1372 4111 iis
1397 4067 1478 4130 quae
1502 4046 1541 4110 de

263 4154 460 4239 Vergilianis
494 4154 738 4239 quaestionibus
771 4153 805 4217 in
838 4150 1099 4218 Saturnaliorum
1132 4155 1226 4221 libris
1258 4153 1424 4238 disputata
1466 4155 1543 4216 sunt

355 4332 382 4399 1)
406 4328 441 4383 cf.
465 4329 501 4385 M.
528 4329 554 4384 S.
580 4329 620 4382 Ill
643 4335 668 4398 3,
694 4334 786 4398 lsqq.
815 4329 845 4381 et
867 4329 935 4383 Aen.
964 4327 1016 4381 XII
1043 4334 1106 4395 779;
1135 4329 1171 4386 M.
1199 4330 1225 4385 S.
1253 4329 1292 4383 ΙΙΙ
1319 4335 1348 4396 3,
1375 4333 1487 4383 10-12
1516 4330 1545 4383 et

265 4425 361 4479 georg.
380 4411 464 4463 lasa
483 4411 512 4463 et
531 4415 595 4475 2723
628 4410 665 4463 M.
685 4407 713 4464 S.
731 4409 771 4462 ΙΙΙ
791 4413 816 4476 4,
837 4414 850 4461 1
869 4425 930 4478 sqq.
955 4412 983 4463 ct
1005 4410 1074 4464 Aen.
1097 4411 1124 4464 ΙΙ
1143 4415 1208 4476 2253
1239 4407 1277 4462 Μ.
1298 4406 1323 4461 S.
1344 4409 1426 4476 1114,
1446 4413 1462 4463 6
1483 4426 1542 4477 sqq.

265 4490 497 4554 ethenlss'183
529 4489 566 4545 M.
587 4489 613 4545 S.
633 4488 672 4542 III
692 4494 716 4557 6,
738 4494 805 4542 1-5
830 4489 857 4542 et
876 4487 943 4545 Aen.
959 4491 998 4544 111
1017 4496 1064 4556 863
1097 4491 1133 4544 M.
1150 4490 1176 4545 S.
1195 4488 1274 4555 1116,
1296 4493 1328 4542 17
1348 4490 1376 4542 et
1395 4489 1543 4544 Aen.V111

264 4576 333 4636 aaa,
352 4569 389 4624 M.
401 4568 427 4623 S.
447 4569 472 4622 V
493 4574 534 4637 16,
554 4576 569 4623 9
590 4571 618 4623 et
636 4566 705 4622 Aen.
723 4568 748 4622 X
768 4574 828 4622 567.
942 4573 969 4640 2)
988 4569 1074 4640 praef.
1094 4575 1112 4623 4
1137 4569 1182 4622 ‘at
1200 4566 1266 4622 boni
1285 4567 1414 4622 consulas
1434 4570 1545 4636 oportet

267 4650 290 4703 si
310 4649 439 4704 notitiam
461 4648 609 4703 vetustatis
628 4648 710 4702 modo
730 4648 830 4702 nostris
845 4665 899 4702 non
915 4651 1032 4706 obscure
1046 4647 1130 4704 modo
1148 4646 1216 4717 ipsis
1229 4646 1407 4717 antiquorum
1425 4647 1545 4701 fideliter

264 4729 357 4784 verbis
385 4746 583 4799 recognoscas,
610 4730 694 4799 prout
717 4744 844 4797 quaeque
873 4746 902 4784 se
929 4731 977 4785 vel
995 4728 1151 4786 enarranda
1182 4726 1228 4781 vel
1258 4727 1451 4782 transferenda
1479 4746 1542 4796 sug-

265 4809 423 4881 gesserint?
