3396 5422
234 346 273 400 VI
758 342 977 398 PRAEFATIO.

233 509 368 595 polandi
396 509 538 574 studium
565 509 712 573 revocari
740 507 779 571 cf.
807 507 888 572 Aen
914 507 931 570 Ι
962 508 999 571 ll
1025 505 1070 592 (p.
1096 508 1150 588 16,
1178 504 1214 593 4)
1255 508 1298 570 46
1322 504 1367 591 (p.
1391 506 1448 589 32,
1476 508 1511 591 8)

1219 558 1227 589 1

235 617 278 682 22
298 615 343 700 (p.
362 617 418 700 39,
436 616 508 702 94),
530 615 596 680 415
616 615 662 699 (p.
683 614 759 697 151,
781 612 850 699 13),
872 614 937 678 499
956 611 1000 699 (p.
1022 616 1098 697 156,
1116 611 1188 697 90),
1211 614 1274 677 551
1295 611 1340 696 (p.
1361 613 1433 694 122,
1446 612 1503 697 22)

236 724 298 788 121
324 720 370 806 (p.
397 723 473 805 199,
497 719 569 806 21),
598 721 631 784 11
654 720 720 786 255
743 719 789 806 (p.
812 722 891 804 999,
914 720 959 807 41
1004 721 1043 785 de
1064 721 1117 785 m
1141 721 1217 805 quid
1240 719 1447 784 iudicandum
1469 719 1512 783 21

235 829 424 906 ostendunt,
453 850 473 891 2
513 828 641 911 opinor,
670 826 804 911 vulgata
828 830 860 890 et
884 827 1072 892 Oassellana
1095 827 1220 892 scholia
1243 827 1284 891 ad
1306 825 1386 890 Aen.
1408 825 1424 889 I
1447 826 1513 890 540

234 937 371 1019 21566,
399 934 432 999 ΙΙ
457 936 490 1018 7,
519 935 583 999 247
613 935 699 999 inter
727 956 762 998 22
790 938 991 1018 comparata,
1018 935 1134 1019 quibus
1158 935 1239 999 adde
1262 955 1344 1018 quae
1368 932 1407 996 ad
1431 932 1512 997 Aen.

235 1043 284 1108 III
311 1044 370 1107 171
396 1046 430 1106 et
452 1041 500 1106 IV
524 1040 566 1106 58
590 1042 625 1104 in
647 1040 845 1115 Floriacensi
876 1042 1039 1126 adscripta
1069 1045 1153 1106 sunt
1199 1064 1275 1106 nam
1298 1046 1334 1104 ut
1357 1040 1409 1104 his
1431 1041 1511 1104 locis

236 1152 371 1234 apparet
403 1170 442 1212 ex
474 1148 514 1211 iis
544 1169 626 1231 quae
654 1148 688 1211 in
715 1147 915 1231 plenioribus
944 1149 1037 1212 libris
1065 1151 1176 1212 extent
1203 1147 1339 1231 vulgata
1366 1147 1513 1212 derivata

235 1279 320 1340 2222,
353 1256 401 1320 112
433 1255 657 1338 supplementa
690 1276 771 1338 quae
804 1255 872 1319 dixi
903 1257 1053 1320 videntur
1084 1256 1144 1319 illa
1176 1253 1306 1340 quidem
1338 1259 1412 1339 post
1441 1276 1512 1318 2222

236 1363 357 1445 addita,
382 1362 437 1426 sed
460 1361 508 1426 ita
531 1365 566 1426 ut
589 1385 671 1447 quae
693 1362 857 1428 breviator
881 1363 1011 1448 quidam
1035 1363 1206 1428 abiecisset
1228 1364 1262 1426 12
1286 1386 1381 1427 22221
1404 1364 1512 1428 122221

235 1471 492 1535 restituerentur.
538 1490 601 1553 qua
633 1491 669 1533 12
700 1491 741 1532 22
774 1471 845 1554 quis
874 1491 985 1533 eorum
1013 1471 1208 1535 sententiam
1235 1470 1419 1534 confirmari
1449 1470 1513 1534 sibi

235 1577 429 1663 persuadeat
458 1577 513 1660 qui
540 1576 720 1660 pleniorem
748 1576 1015 1641 commentarium
1043 1577 1083 1640 ad
1115 1578 1336 1661 incorruptam
1364 1575 1513 1642 Serviani

237 1685 343 1770 operis
371 1683 594 1767 integritatem
621 1684 755 1767 propius
784 1685 934 1748 accedere
964 1687 1079 1768 putant
1107 1707 1204 1768 quam
1237 1684 1420 1767 1218212111,
1451 1682 1514 1746 hoc

237 1815 367 1876 moneo,
397 1813 470 1856 cum
494 1791 590 1854 221112
614 1790 815 1876 argumentis
839 1791 945 1855 evinci
967 1792 1071 1875 possit
1095 1791 1125 1854 ei
1147 1792 1202 1874 qui
1224 1790 1404 1874 pleniorem
1427 1811 1513 1854 com·

237 1899 433 1965 montarium
457 1899 674 1980 composuerit
697 1902 826 1980 praeter
846 1895 1003 1961 Serviana
1021 1897 1159 1961 aliorum
1178 1919 1352 1981 eommque
1371 1898 1514 1981 superio-

236 2029 309 2070 rum
334 2004 622 2090 grammaticorum
645 2004 770 2068 scholia
793 2003 834 2066 ad
856 2025 988 2066 manum
1012 2003 1125 2085 fuisse,
1148 2003 1259 2068 eadem
1282 2003 1517 2087 probabilitate

238 2113 305 2178 illis
335 2112 415 2177 locis
445 2111 578 2197 vulgata
606 2108 732 2193 Servio,
759 2111 909 2195 pleniora
936 2110 982 2174 212
1011 2111 1110 2175 tribui
1139 2132 1274 2194 quorum
1298 2111 1423 2175 scholia
1445 2112 1516 2195 ipse

239 2220 369 2286 Servius
403 2218 618 2302 exscripserit.
655 2217 693 2283 of.
722 2215 809 2282 Serv.
837 2217 877 2281 ad
905 2216 986 2282 Aen.
1014 2216 1046 2280 ll
1074 2218 1140 2282 639
1172 2222 1205 2282 21
1232 2217 1431 2283 Haterianus
1465 2240 1515 2301 ap.

238 2327 381 2393 Macrob.
398 2325 464 2391 Sat.
487 2325 537 2390 ΠΙ
560 2327 595 2409 8,
620 2326 716 2410 lsqq.

326 2431 431 2497 Venio
460 2432 500 2497 ad
534 2433 672 2497 alterum
705 2433 999 2498 additamentomm
1031 2454 1132 2518 genus
1166 2433 1250 2516 quod
1281 2433 1385 2497 multo
1417 2431 1514 2495 latius

238 2545 344 2627 patet,
369 2544 466 2625 atque
489 2539 630 2623 primum
654 2539 694 2604 de
716 2540 757 2604 iis
781 2540 962 2624 pleniorum
986 2540 1145 2604 librorum
1168 2540 1301 2604 scholiis
1320 2540 1425 2603 dicam
1447 2538 1515 2622 qui·

238 2650 299 2714 bus
334 2647 513 2712 additiones
547 2647 594 2710 ita
628 2668 700 2711 cum
733 2646 877 2732 vulgatis
911 2648 1082 2730 copulatae
1115 2650 1203 2731 sunt,
1239 2650 1277 2711 ut
1313 2645 1514 2732 integritatis

239 2755 401 2841 quandam
425 2753 565 2838 speciem
588 2752 784 2817 adfectatam
807 2776 878 2819 2222
902 2759 1071 2838 appareat,
1095 2777 1159 2839 qua
1177 2775 1242 2818 non
1261 2753 1387 2836 decepti
1407 2757 1515 2817 222221

239 2862 326 2927 docti
345 2861 504 2944 homines,
526 2861 589 2924 nisi
609 2860 834 2924 commentarii
852 2861 957 2945 212812
975 2866 1110 2945 propter
1129 2859 1390 2925 memorabilium
1408 2880 1515 2922 rerum

239 2970 459 3055 cognitionem
490 2966 629 3052 21282112
653 2967 734 3031 12212
757 2968 873 3051 inspici
897 2990 993 3051 quam
1018 2968 1197 3032 continenti
1219 2969 1358 3032 lectione
1381 2967 1516 3032 tractari
1581 3006 1584 3010 -

240 3076 392 3141 solerent.
429 3074 509 3138 utile
534 3073 660 3137 videtur
682 3095 747 3137 non
770 3073 861 3138 nulla
884 3068 981 3140 huius
1005 3075 1091 3139 modi
1115 3076 1241 3140 scholia
1264 3075 1361 3159 paulo
1386 3096 1516 3139 accura-

239 3182 304 3247 tius
335 3180 529 3245 examinare.
574 3177 655 3243 Aen.
684 3179 765 3244 152
788 3176 834 3264 (p
857 3181 913 3264 34,
936 3180 971 3267 9)
998 3182 1100 3266 igitur
1128 3184 1261 3268 vulgato
1290 3182 1413 3247 scholio
1441 3185 1516 3265 post

239 3295 398 3355 ventorum
425 3287 504 3352 haec
533 3287 656 3351 inserta
685 3290 762 3351 sunt
790 3287 948 3372 Hippotae
969 3290 1031 3354 2122
1053 3288 1138 3354 Iocis
1160 3291 1222 3354 2122
1245 3289 1384 3371 Neptuni
1405 3289 1516 3370 filium,

239 3399 294 3481 qui
312 3447 318 3461 .
334 3447 340 3460 .
357 3447 365 3462 .
383 3397 419 3461 111
441 3416 504 3478 quc
526 3399 663 3459 1112112121
684 3395 805 3476 occepit.
850 3395 946 3460 mitto
970 3395 1150 3481 Hippotem
1173 3397 1268 3461 Aeoli
1291 3400 1417 3480 patrem
1440 3398 1516 3460 2212

239 3504 442 3570 nominatum
475 3525 558 3580 esse,
591 3500 672 3566 illud
695 3524 825 3588 quaero,
856 3525 933 3568 num
966 3504 1007 3568 ad
1039 3508 1210 3569 ventorum
1240 3504 1399 3586 regimen,
1431 3502 1516 3588 quod

241 3611 343 3677 Aeolo
368 3611 487 3676 21212
510 3609 671 3674 tributum
695 3631 764 3674 2222
787 3613 903 3694 poetae
927 3610 1060 3676 finxisse
1084 3610 1249 3693 dicuntur,
1271 3610 1456 3693 pertineant
1479 3633 1517 3675 22

241 3741 322 3804 quac
355 3714 535 3781 Cassellani
566 3715 698 3799 propria
732 3719 817 3780 sunt.
863 3716 987 3781 accedit
1018 3717 1105 3800 quod
1138 3740 1176 3781 22
1199 3716 1363 3781 additione
1391 3717 1518 3802 vulgati

241 3824 357 3891 scholii
381 3825 547 3888 contextus
571 3822 705 3886 moleste
728 3822 976 3906 interrumpitur
1005 3827 1037 3887 21
1069 3823 1259 3887 obscuratur
1281 3822 1313 3887 id
1338 3824 1424 3908 quod
1447 3821 1517 3888 Ser-

241 3931 329 3996 vium
358 3929 498 3994 voluisse
528 3933 671 4012 apparet.
698 3964 734 3974 -
766 3928 782 3991 I
808 3929 848 3993 18
874 3927 919 4013 (p.
941 3930 999 4012 43,
1026 3926 1080 4015 19)
1104 3930 1273 4015 1218212111
1302 3930 1461 3995 scholium
1484 3932 1518 3995 in

241 4037 386 4122 pleniore
410 4035 495 4100 libro
521 4033 646 4098 duobus
671 4034 899 4099 additamentis
924 4039 1055 4099 auctum
1079 4039 1141 4120 est,
1163 4059 1239 4101 nam
1264 4040 1339 4121 post
1362 4039 1518 4120 cdropana

241 4145 321 4208 haec
351 4143 475 4207 inserta
503 4144 580 4205 sunt
606 4145 662 4205 221
688 4141 764 4223 2212
785 4142 851 4223 ipsc
872 4162 926 4206 122
947 4141 1003 4207 sut
1025 4143 1126 4208 2112112
1148 4144 1276 4226 imperio
1299 4149 1354 4229 est,
1380 4149 1457 4227 post
1480 4151 1518 4210 tc-

240 4272 311 4317 2212
342 4249 422 4314 haec
456 4248 566 4312 addita
597 4248 804 4330 2221122222
835 4269 905 4331 erpo
996 4251 1136 4317 emittere.
1182 4251 1250 4315 illis
1280 4255 1313 4315 21
1345 4252 1517 4317 verborum

242 4361 405 4423 structura
432 4356 599 4438 turbatur,
632 4376 708 4418 nam
736 4356 860 4420 1112211112
888 4361 990 4420 cotem
1021 4356 1519 4440 ε2221122221ιᾶ221112122121112

242 4466 300 4549 cit,
327 4486 365 4530 112
391 4464 530 4528 videatur
557 4463 724 4545 odropons,
751 4464 908 4544 22121112
937 4464 1001 4545 ipsc
1027 4485 1082 4529 122
1107 4464 1163 4530 aab
1192 4464 1293 4529 2112112
1316 4467 1444 4549 imperto
1467 4472 1518 4550 est,

242 4577 299 4636 cut
329 4573 456 4637 tatemer
477 4590 577 4653 paene
605 4571 724 4634 iocatur
745 4573 838 4650 poeto
866 4592 941 4633 non.
955 4575 1030 4635 sunt
1053 4576 1128 4655 apte
1152 4573 1346 4656 composita,
1378 4578 1411 4638 et
1434 4573 1518 4638 idem

242 4679 309 4743 fere
338 4679 539 4764 significatur
568 4676 654 4761 quod
682 4676 733 4740 1112
762 4699 844 4760 quae
873 4679 1020 4761 proxime
1050 4679 1244 4744 antecedunt
1274 4685 1331 4744 2111
1357 4683 1520 4759 caecando

243 4786 291 4851 cil
312 4804 350 4849 ne
373 4784 513 4850 vidcctrr
530 4784 693 4866 cdropons.
723 4804 760 4846 22
779 4786 888 4848 autem
909 4805 991 4868 quae
1012 4785 1122 4849 addita
1142 4789 1218 4851 sunt
1235 4807 1330 4851 nemo
1349 4809 1415 4852 non
1434 4787 1521 4852 videt
