3396 5422
292 330 357 384 XIV
819 330 1036 387 PRAEFATIO.

292 493 353 557 bus
377 514 536 576 quaenam
558 491 767 575 praeferenda
791 497 884 558 esset.
926 494 1012 578 quod
1036 501 1073 561 ut
1096 500 1182 561 recte
1207 519 1226 560 a
1249 498 1318 562 viro
1342 498 1437 563 docto
1462 497 1570 562 obser-

292 605 404 664 vatum
428 621 497 665 esse
522 620 677 683 agnosco,
700 600 749 664 ita
772 601 930 684 quaedam
955 600 1100 666 addenda
1124 625 1193 667 esse
1215 608 1308 688 puto,
1333 605 1449 688 quibus
1469 609 1501 668 et
1519 627 1570 669 res

291 707 363 791 ipsa
382 707 487 792 magis
506 707 654 770 firmetur
673 710 706 771 et
719 706 801 771 illud
816 707 1055 792 comprobetur,
1075 710 1204 774 etiamsi
1218 708 1392 775 Servianus
1408 734 1570 776 commen·

291 814 395 878 tarius
424 814 479 899 qui
504 814 598 878 hodie
620 814 654 877 in
679 814 822 899 vulgatis
845 814 939 879 libris
966 818 1054 880 extet
1077 816 1155 881 olim
1178 817 1304 901 plenior
1327 819 1438 903 fuerit,
1462 823 1571 884 tamen

293 921 513 986 additamenta
536 921 683 985 1116666
707 943 776 985 esse
800 943 839 985 ex
864 943 902 987 eo
925 922 1036 1006 petita.

382 1027 489 1112 Atque
526 1027 582 1092 ille
620 1027 677 1112 qui
707 1027 887 1111 pleniorem
921 1029 1189 1094 commentarium
1221 1032 1403 1115 composuit
1434 1033 1503 1117 ipse
1535 1036 1570 1098 ni

290 1134 387 1199 fallor
411 1134 550 1218 curavit,
573 1156 614 1197 ne
638 1134 724 1219 quod
748 1157 764 1198 6
788 1135 925 1199 61161313
949 1137 1191 1201 commentariis
1215 1139 1379 1203 conlatum
1403 1143 1490 1203 63361
1510 1162 1569 1223 pro

290 1242 385 1306 unius
408 1241 550 1306 hominis
574 1262 671 1324 opere
694 1241 878 1306 haberetur.
923 1264 1000 1306 nam
1025 1265 1096 1306 cum
1120 1245 1153 1308 in
1176 1244 1311 1329 vulgato
1336 1248 1568 1311 commentario

289 1349 337 1413 ita
366 1349 512 1433 legentes
544 1348 585 1412 ad
614 1348 797 1432 superiores
827 1349 1045 1432 expositiones
1069 1352 1275 1435 revocentur,
1304 1353 1392 1416 ntis
1417 1354 1569 1437 quicum

290 1456 422 1539 scripsit
449 1460 524 1521 ante
552 1455 604 1519 vel
633 1477 732 1539 supra
760 1455 799 1521 de
823 1456 933 1540 aliqua
956 1478 992 1520 re
1016 1479 1055 1522 se
1079 1456 1228 1521 dixisse
1253 1462 1397 1542 moneat,
1424 1459 1456 1521 in
1481 1459 1568 1524 6661-

291 1562 377 1626 116113
406 1562 538 1627 scholiis
567 1561 710 1626 dietum
743 1584 826 1628 esse
859 1563 899 1626 de
931 1562 1040 1646 aliqua
1067 1585 1101 1626 re
1125 1570 1406 1629 commemoratur.
1454 1565 1491 1629 cf.
1514 1564 1565 1630 III

293 1670 347 1753 70,
371 1670 427 1754 89,
452 1670 529 1753 103,
556 1668 618 1733 125
642 1671 675 1732 61
698 1669 756 1753 68,
777 1669 858 1752 407,
881 1669 956 1752 420,
980 1667 1055 1752 545,
1078 1669 1153 1734 550.
1199 1671 1298 1754 quid?
1332 1671 1416 1755 quod
1440 1671 1474 1735 in
1497 1672 1568 1737 bre·

290 1775 379 1840 viore
406 1776 504 1859 primi
539 1779 572 1840 et
598 1776 728 1841 secundi
756 1777 833 1841 libri
862 1777 1094 1841 commentario
1122 1800 1181 1861 pro
1209 1778 1276 1843 illis
1303 1778 1476 1843 revocandi
1503 1779 1567 1843 for-

289 1883 387 1946 mulis
410 1904 492 1966 quae
516 1885 592 1947 sunt
614 1881 667 1947 ‘ut
690 1906 788 1967 supra
811 1883 967 1947 diximus'
991 1883 1042 1947 vel
1067 1883 1120 1947 ‘nt
1142 1884 1297 1950 diximus'
1321 1887 1356 1950 in
1379 1884 1567 1951 0633611666

291 1992 478 2054 constanter
504 1989 585 2054 haec
608 1989 731 2074 scripta
758 2012 828 2054 esse
856 1990 1001 2054 videmus
1033 1989 1087 2053 ‘nt
1115 2013 1214 2074 supra
1242 1991 1364 2056 dictum
1394 1993 1473 2057 est':
1504 1994 1569 2058 nisi

290 2096 375 2180 quod
402 2096 513 2180 paucis
543 2096 624 2161 locis
652 2097 814 2161 revocatio
839 2096 971 2160 omnino
996 2117 1170 2179 suppressa
1193 2099 1251 2160 est.
1297 2097 1336 2161 cf.
1360 2098 1431 2162 Aen
1454 2098 1470 2163 I
1496 2099 1569 2182 157,

291 2203 368 2287 181,
392 2204 471 2287 231,
495 2204 574 2288 382,
596 2204 672 2287 444,
696 2203 771 2287 665,
795 2204 870 2268 683.
915 2201 947 2266 ΙΙ
972 2203 1023 2287 20,
1048 2204 1099 2287 61,
1123 2203 1174 2286 69,
1201 2204 1273 2287 134,
1299 2204 1371 2288 142,
1397 2204 1469 2290 158,
1493 2207 1568 2290 296,

288 2310 363 2395 431,
386 2311 461 2394 471,
484 2310 559 2394 557,
582 2307 688 2395 5621)
729 2311 792 2375 hoc
814 2333 880 2375 non
902 2312 1013 2393 potest
1036 2331 1110 2374 casu
1133 2310 1256 2375 factum
1281 2333 1365 2398 esse,
1388 2334 1491 2397 neque
1515 2336 1565 2377 ve-

288 2440 362 2482 1661
394 2440 435 2482 66
467 2419 619 2502 cuiquam
650 2418 719 2483 veri
752 2418 858 2483 simile
886 2417 1035 2482 videatur
1067 2417 1152 2500 quod
1181 2422 1295 2483 contra
1325 2422 1476 2484 naturam
1510 2423 1568 2505 631,

290 2524 438 2589 Servium
474 2524 582 2609 ipsum
619 2525 881 2609 inpersonaliter,
919 2524 1139 2588 breviatorem
1176 2525 1317 2609 aliquem
1351 2526 1568 2610 personaliter

288 2632 417 2698 dixisse.
432 2671 474 2682 ω
489 2655 530 2697 ne
553 2633 634 2696 illud
658 2633 786 2716 quidem
809 2632 870 2697 hoc
893 2633 966 2696 loco
988 2632 1201 2696 omittendum
1221 2634 1283 2716 est,
1308 2633 1347 2696 66
1363 2633 1442 2698 Aen.
1457 2633 1488 2698 V
1502 2635 1567 2700 498

289 2739 534 2805 memorabilem
563 2740 723 2824 quandam
751 2740 836 2805 inter
864 2739 1029 2805 breviores
1058 2739 1159 2804 libros
1190 2744 1222 2804 61
1250 2737 1488 2806 Floriacensem
1522 2743 1568 2807 in-

287 2847 392 2911 veniri
420 2846 685 2930 discrepantiam:
724 2848 758 2912 in
785 2846 851 2910 illis
881 2846 967 2911 enim
991 2845 1071 2910 haec
1095 2846 1218 2929 scripta
1241 2851 1317 2911 sunt
1339 2849 1376 2911 66
1397 2870 1456 2929 quo
1479 2850 1567 2913 verbo

281 2954 407 3035 plenius
429 2954 544 3019 dicturi
561 2974 669 3019 366163
691 2954 745 3018 illo
768 2973 856 3016 66136
879 2949 940 3037 (XI
964 2949 1045 3037 268)
1070 2951 1195 3017 ‘devicta
1217 2953 1300 3018 Asia
1323 2954 1456 3019 subsedit
1477 2957 1567 3020 6661-

288 3059 356 3144 icr’,
378 3060 592 3126 Floriacensis
615 3062 729 3125 dicitur
751 3080 810 3143 pro
834 3060 947 3123 dicturi
968 3080 1076 3123 366163
1099 3057 1242 3124 exhibet}
1269 3082 1366 3144 quam
1387 3061 1567 3144 scripturae

287 3167 505 3232 differentiam
523 3190 589 3232 non
609 3190 628 3231 6
646 3167 773 3249 librarii
793 3166 930 3230 alicuius
949 3164 1159 3249 neglegentia
1178 3165 1228 3227 vel
1246 3164 1394 3247 libidine,
1418 3165 1473 3230 366
1492 3168 1566 3231 1666

286 3275 495 3360 repetendam
523 3297 593 3340 esse
622 3274 716 3352 daec,
749 3271 834 3355 quod
857 3271 1012 3355 plenioris
1036 3271 1260 3335 commentarii
1284 3274 1397 3335 auctor
1420 3272 1567 3338 breviore

286 3386 324 3446 nt
347 3382 465 3447 dudum
490 3383 640 3447 absoluto
664 3380 826 3446 utebatur.

375 3490 499 3556 Deinde
522 3490 590 3554 illis
613 3488 797 3572 pleniorum
820 3486 979 3551 librorum
1003 3485 1136 3551 scholiis
1161 3509 1243 3571 quae
1266 3484 1493 3570 ‘quibusdam'
1515 3488 1567 3552 vel

286 3596 393 3662 ‘aliis'
416 3598 541 3662 tributa
569 3600 645 3661 sunt
669 3595 850 3660 accuratius
879 3594 1074 3660 examinatis
1099 3596 1226 3658 etcum
1250 3594 1384 3678 vulgato
1408 3615 1566 3660 commen-

285 3704 370 3769 tario
399 3703 592 3786 comparatis
621 3703 779 3786 quaedam
809 3702 1000 3767 observasse
1027 3701 1153 3784 videor,
1187 3701 1304 3784 quibus
1339 3723 1450 3765 eorum
1484 3723 1566 3784 quae

286 3809 429 3875 Thomas
453 3811 493 3875 de
518 3808 686 3892 amplioris
711 3808 935 3872 commentarii
954 3808 1081 3872 ratione
1101 3806 1184 3871 dixit
1201 3807 1281 3872 fides
1301 3811 1469 3893 augeatur.
1503 3829 1566 3890 qua

285 3917 320 3980 in
347 3940 381 3982 16
410 3917 484 3981 1666
512 3917 622 4000 placet
650 3914 752 3978 ordiri
776 3915 861 3998 quod
886 3913 1012 3997 aliquot
1034 3913 1129 3996 locis,
1158 3915 1275 3997 quibus
1299 3912 1430 3978 Servius
1455 3934 1567 3976 eorum

285 4046 423 4108 quornm
456 4023 634 4089 sententias
668 4021 806 4106 protulit
837 4021 971 4086 nomina
1007 4019 1132 4105 posuit,
1169 4021 1203 4085 in
1239 4020 1439 4105 plenioribus
1472 4018 1565 4082 libris

357 4220 382 4286 1)
408 4233 471 4270 cum
491 4217 638 4287 Scioppius
661 4216 720 4270 eius
743 4215 819 4270 modi
843 4213 1046 4284 discrepantias
1074 4232 1131 4269 666
1156 4213 1307 4281 curaverit,
1335 4213 1365 4267 in
1383 4211 1417 4267 iis
1436 4213 1564 4283 partibus

284 4317 356 4370 quae
375 4299 460 4353 hodie
479 4300 509 4353 in
528 4296 688 4352 0633611666
708 4297 903 4351 desiderantur
921 4293 969 4350 ubi
988 4295 1099 4365 vulgati
1116 4294 1184 4349 libri
1203 4296 1250 4350 ‘ut
1268 4311 1353 4363 supra
1368 4293 1504 4347 diximus'
1522 4311 1567 4348 ex-

283 4380 383 4434 hibent
405 4378 477 4432 nihil
500 4375 630 4432 adnotari
649 4375 749 4445 potuit.
775 4406 808 4415 -
837 4375 849 4427 I
879 4381 929 4428 157
949 4378 977 4430 et
995 4381 1046 4430 231
1066 4373 1254 4443 Monacensis,
1279 4375 1328 4445 qui
1346 4374 1460 4429 omnino
1478 4373 1564 4443 paulo

283 4460 398 4530 propius
427 4475 511 4528 quam
540 4456 627 4511 ceteri
655 4455 796 4511 breviores
824 4455 890 4509 libri
917 4457 954 4511 ad
982 4455 1139 4527 pleniorum
1167 4456 1330 4509 memoriam
1353 4454 1476 4522 accedit,
1503 4471 1566 4507 cum

235 4569 243 4592 s
283 4537 444 4593 0633611666
464 4537 611 4592 6663611111.
637 4567 669 4576 -
699 4538 822 4590 ceterum
841 4536 947 4590 scholia
965 4537 1001 4591 ad
1021 4537 1099 4591 lesa
1119 4535 1241 4590 611169
1260 4533 1388 4603 inprimis
1407 4536 1475 4603 apta
1494 4535 1567 4600 3661,

283 4619 384 4688 quibus
403 4617 567 4673 ostendatur
585 4633 670 4684 quam
689 4615 770 4670 anxie
788 4615 818 4669 in
838 4615 998 4678 Caesellano
1017 4615 1172 4689 personalis
1190 4614 1296 4668 locutio
1314 4617 1424 4668 mutata
1444 4613 1490 4666 sit.
1526 4612 1567 4666 ibi

283 4697 358 4754 enim
377 4698 489 4754 Servius
512 4698 547 4750 ad
572 4713 605 4751 ea
629 4711 700 4764 quae
720 4695 819 4750 666616
838 4697 946 4751 36116116
965 4698 1062 4767 paucis
1082 4694 1207 4752 versibus
1225 4695 1291 4748 ante
1310 4694 1421 4746 dixerat
1438 4693 1566 4763 legentes

282 4776 398 4835 remisit.
