3396 5422
245 378 312 444 470
822 381 940 437 seevn

245 544 380 608 marita
398 548 431 607 et
447 564 540 608 aava
559 549 677 629 rapta
688 566 756 626 per
773 545 840 610 tos
858 546 1027 628 auspices
1045 547 1294 628 captabantur
1311 547 1353 611 irc
1371 549 1524 630 rcaptiis.

311 669 443 716 1vuouu
468 653 695 717 suorumve
718 675 799 736 quae
822 656 951 737 praeest
974 653 1143 738 coniugiis,
1167 675 1245 735 puae
1261 655 1405 736 prauam
1423 656 1524 738 appet-

246 758 345 823 tatar:
376 760 516 839 queraris
543 764 572 822 ct
597 760 667 841 ipsa
689 761 724 824 irc
752 760 841 825 tibris
868 781 1023 843 apparari
1046 781 1185 842 pracesse
1212 762 1334 826 dicatur
1360 763 1525 845 auspiciis:

245 870 302 928 aat
322 867 399 947 qaia
422 864 641 949 Oarttapirrera
661 868 749 948 facet.

208 982 224 1031 5
333 973 385 1036 46.
426 964 746 1039 adacrasrurumcus
765 999 854 1040 rsuro
883 976 973 1053 mire,
986 1022 989 1026 -
1003 995 1072 1039 cara
1101 975 1165 1040 atio
1193 976 1252 1040 iter
1280 975 1435 1055 55555551,
1469 977 1526 1042 icccc

243 1079 338 1144 delati
359 1085 448 1145 sarit:
472 1084 500 1144 ct
521 1081 587 1144 ideo
610 1081 732 1146 addidit
755 1080 872 1147 55515.
969 1099 1134 1147 55551555
1161 1071 1360 1166 perfecisse,¹
1377 1083 1526 1166 inplesse.

333 1187 386 1252 47.
424 1213 507 1260 criu
530 1187 651 1268 quatem
674 1189 719 1253 aet
740 1194 906 1271 qaaatara:
930 1210 1101 1272 55555555
1117 1210 1178 1271 pro
1205 1190 1336 1254 nomiae.
1432 1216 1530 1257 runnu

248 1318 338 1359 souoa
351 1319 432 1360 unua
444 1319 553 1359 cuuuns
574 1295 652 1359 rrirc
668 1316 729 1377 pro
752 1297 907 1361 voluntate
928 1296 1062 1362 sororis:
1083 1301 1119 1361 at
1140 1297 1169 1361 si
1190 1296 1260 1378 qais
1282 1317 1377 1362 arara
1400 1299 1528 1362 suadeat

246 1421 330 1483 spera
347 1402 497 1482 pecuniae
517 1401 644 1481 faciens.

194 1517 226 1565 1⁰
334 1507 386 1572 48.
423 1524 589 1573 50155515
614 1528 694 1574 rum
716 1510 749 1575 id
773 1515 823 1575 est
847 1511 910 1576 viri
928 1511 1036 1575 fortis:
1061 1510 1146 1594 quod
1165 1509 1235 1576 ideo
1254 1533 1320 1575 non
1339 1511 1427 1596 dicit,
1451 1511 1526 1596 quia

185 1676 195 1694 ,
247 1613 308 1678 soit
327 1637 346 1678 a
364 1613 490 1679 Didone
508 1615 717 1699 praedictum.
748 1618 1528 1701 5155551551551555515515555511555515

245 1724 326 1804 qaod
346 1724 492 1788 aaircrsa
508 1726 671 1806 praedicta
692 1731 772 1790 sarit.

336 1830 387 1895 50.
425 1848 560 1896 vaureu
584 1834 641 1895 aut
663 1832 855 1896 beneficium
878 1839 906 1897 et
927 1833 1108 1897 patritiam:
1132 1834 1189 1896 aut
1207 1853 1241 1895 re
1265 1853 1342 1895 vera
1365 1830 1527 1915 ‘veniam’,

247 1937 381 2021 periurii
405 1938 538 2021 seilicet,
562 1943 599 2002 ut
628 1939 735 2022 <552>
763 1961 838 2003 555
867 1941 1027 2003 servata
1053 1938 1154 2002 fides
1183 1938 1304 2003 cineri
1331 1940 1528 2023 promissa

195 2056 226 2103 15
247 2042 427 2129 Sychaeo.
507 2071 634 2111 uruono
651 2067 711 2127 pro
736 2044 977 2111 ‘taatammato'.
1013 2047 1073 2130 †et
1094 2045 1152 2109 atii
1175 2047 1256 2127 qaod
1278 2051 1304 2110 tc
1326 2048 1428 2112 modo
1450 2048 1529 2111 rita

245 2153 418 2234 supersit.
517 2169 706 2231 51555555
737 2171 873 2218 erraris
905 2152 982 2217 ‘diis
1014 2151 1135 2217 litatis'
1172 2152 1287 2217 debuit
1316 2152 1433 2218 dicere:
1463 2174 1530 2218 non

247 2259 332 2322 enim
363 2281 467 2344 sacra,
496 2259 552 2325 sed
581 2261 656 2325 deos
686 2262 786 2326 saeris
816 2260 963 2345 litamus,
992 2260 1024 2324 id
1053 2264 1103 2324 est
1131 2258 1311 2343 placamus:
1340 2281 1418 2346 ergo
1446 2282 1529 2325 nove

247 2364 336 2430 dixit.
430 2392 589 2441 secessere
602 2369 729 2448 aluums]
762 2369 841 2432 iretcr
873 2365 995 2432 ‘litare’
1020 2355 1052 2431 'et
1074 2364 1278 2448 ‘sacrificare'
1312 2366 1366 2432 hoc
1398 2368 1529 2446 interest,

247 2474 328 2554 qaod
350 2472 557 2556 ‘sacrificare'
580 2476 703 2540 aeriam
716 2480 826 2557 petere,
846 2473 969 2539 ‘litare'
987 2474 1162 2556 propitiare
1184 2478 1213 2538 et
1233 2478 1336 2538 rotrcra
1358 2475 1529 2556 impetrare.

193 2591 228 2638 20
336 2582 388 2646 51.
426 2600 583 2648 INDVLGE
613 2583 654 2648 da
682 2605 829 2668 operam,
859 2586 896 2647 ut
928 2581 996 2665 <IX
1025 2582 1109 2665 163>
1138 2580 1346 2666 indulgent
1373 2582 1462 2646 vino
1492 2588 1529 2647 51

247 2690 407 2751 vertunt
431 2693 605 2753 crateras
630 2711 754 2753 aenos.

336 2795 388 2859 52.
425 2821 614 2861 nrurnrnao
627 2821 879 2862 nnsnarrrnraus
900 2801 1067 2873 enumerat,
1089 2816 1167 2878 qaas
1185 2816 1289 2861 morae
1306 2815 1416 2860 earceas
1428 2797 1530 2878 possit
1586 2836 1591 2845 ·

239 2883 404 2966 15555155.
502 2928 588 2969 5555
608 2905 643 2968 id
663 2908 707 2968 cst
723 2905 797 2968 dare
821 2905 928 2968 reddit
952 2903 1061 2986 Orion,
1089 2905 1236 2985 quoiam
1258 2907 1288 2966 ct
1309 2904 1410 2968 orieas
1433 2907 1461 2967 ct
1482 2923 1528 2968 oc-

247 3008 350 3072 cideris
372 3014 557 3091 tempestates
579 3015 749 3075 commoret.
794 3016 823 3075 et
848 3011 918 3075 terre
938 3010 1034 3076 Orion
1053 3012 1228 3094 opponitur,
1250 3011 1325 3092 qaia
1348 3015 1376 3074 et
1392 3007 1530 3075 11155555

195 3115 371 3179 55515551
393 3115 429 3199 <1
452 3116 539 3199 535)
563 3117 789 3182 5551555115
812 3120 1015 3201 adsrrrperrs
1036 3119 1159 3200 stacta
1186 3118 1374 3182 aiarbosas
1405 3116 1528 3182 Oriorc.

314 3239 422 3286 05105
446 3223 603 3307 corripuit
626 3225 754 3289 ratione
778 3246 876 3308 supra
899 3225 935 3307 <1
959 3225 1045 3307 535>
1069 3226 1163 3289 dicta.

321 3403 352 3451 15
372 3398 469 3470 modo]
488 3415 582 3469 georg.
602 3399 642 3453 ΙΙΙ
662 3406 694 3454 10
708 3400 717 3468 ΙΙ
732 3406 765 3455 16
785 3398 839 3453 diis
858 3399 946 3454 litatis
966 3443 971 3454 .
989 3443 1016 3454 ..
1036 3399 1118 3470 dixit]
1139 3398 1173 3455 ef.
1193 3399 1230 3454 ad
1248 3400 1316 3453 Aen.
1336 3398 1361 3450 11
1381 3405 1440 3454 118.
1470 3398 1529 3453 Ma·

248 3469 323 3524 orob.
345 3468 402 3524 Sat.
422 3471 460 3523 IV
480 3476 504 3537 5,
523 3477 548 3524 4.
585 3472 664 3525 Luot.
683 3470 761 3526 Plao.
781 3472 817 3526 ad
836 3471 905 3527 Stat.
926 3472 1012 3526 Theb.
1032 3472 1058 3525 X
1077 3477 1127 3525 605

320 3638 333 3684 1
355 3648 405 3702 per
423 3632 474 3686 hos
494 3631 621 3700 auspices
640 3636 664 3685 ct
682 3631 711 3686 in
725 3631 831 3701 nuptiis
850 3633 909 3688 sect.
924 3632 959 3685 F.
971 3630 1119 3686 Scitoettias
1132 3633 1142 3700 ΙΙ
1156 3637 1171 3684 2
1187 3632 1244 3701 vel]
1261 3632 1310 3685 aut
1323 3630 1427 3685 Darciet
1440 3632 1450 3700 ΙΙ
1464 3647 1528 3684 555·

250 3702 347 3773 iugiis]
367 3703 440 3756 unde
461 3704 528 3757 Iuno
547 3700 682 3772 γαμήλιος
701 3703 829 3772 (gamilia
843 3705 911 3770 cod.)
930 3702 1032 3757 dicitur
1050 3704 1113 3757 add.
1128 3703 1269 3770 1111555.
1284 3709 1318 3756 46
1333 3701 1403 3756 mire
1417 3703 1530 3757 uidetur

249 3774 341 3828 dicere
368 3774 497 3843 uirgilius
521 3774 588 3842 quia
612 3791 675 3829 cum
699 3775 755 3829 alio
778 3774 926 3829 tenderent
949 3775 1005 3828 sint
1026 3774 1081 3829 hue
1105 3772 1192 3828 delati
1214 3775 1298 3828 vento
1322 3774 1354 3828 irc
1371 3791 1457 3844 marp.
1480 3774 1505 3826 T
1522 3773 1531 3845 t

250 3846 321 3900 tad
345 3862 428 3911 quam
451 3862 527 3913 sapr.
546 3845 744 3913 rcrs.‚qualem
768 3847 815 3901 uel
838 3848 972 3916 quantam
995 3851 1019 3899 et
1041 3845 1110 3899 mire
1135 3844 1238 3900 suadeo
1263 3847 1322 3914 (lep.
1342 3844 1453 3913 suadet)
1480 3862 1530 3914 pro

249 3916 395 3969 uoluntate
415 3915 517 3970 sororis
535 3918 568 3969 ut
586 3916 609 3969 si
629 3917 690 3985 quis
709 3916 828 3972 suadeat
846 3934 932 3972 auaro
951 3933 985 3970 ex
1003 3916 1122 3985 pecunia
1143 3916 1448 3986 ΤΙΙ55511551155151.·
1467 3933 1530 3985 pro-

249 3986 361 4041 nomine
381 3986 410 4039 F
422 3990 431 4055 ΙΙ
447 3993 480 4041 10
499 3988 536 4041 ad
549 4004 573 4040 a.
589 3994 623 4042 48
642 3990 673 4041 ia
691 4005 777 4058 marp.
796 3989 866 4043 bene
885 3989 915 4042 in
933 3986 1034 4041 ultimo
1054 4028 1059 4041 .
1076 4030 1082 4041 .
1099 4031 1104 4042 .
1123 3988 1270 4057 praedicta
1289 3990 1354 4041 5551
1374 3986 1421 4057 Tu
1434 3989 1530 4042 uolen-

248 4058 319 4113 tiam
333 4057 375 4111 F:
394 4058 620 4112 benevolentiam
638 4059 742 4114 Darriet
755 4062 886 4129 primast}
902 4066 935 4113 14
953 4075 1008 4112 non
1027 4061 1139 4114 seruata
1153 4061 1171 4114 f.
1187 4077 1210 4116 o.
1225 4077 1252 4128 p.
1268 4077 1289 4113 s.
1303 4059 1370 4112 ΒΗ
1373 4060 1408 4112 Μ
1422 4060 1431 4128 ΙΙ
1446 4058 1531 4113 cineri

249 4147 298 4184 aar.
319 4130 385 4183 FN
396 4132 405 4198 ΙΙ
425 4136 457 4183 15
477 4131 514 4184 ad
533 4130 616 4184 modo
634 4147 710 4199 sapr.
729 4149 795 4186 rcrs.
815 4131 1008 4186 tantummodo
1030 4130 1076 4201 ΤΙΙ
1090 4132 1120 4184 51
1139 4172 1144 4185 .
1161 4175 1166 4186 .
1184 4173 1190 4185 .
1209 4130 1331 4200 supersit
1349 4147 1399 4185 om.
1419 4131 1530 4185 Dauid.

251 4204 283 4254 ut
301 4202 370 4256 alibi
388 4203 459 4256 cerci.
479 4201 621 4271 Hapcrcas.
649 4204 713 4270 fort.
733 4205 762 4257 et
780 4204 837 4257 tale
857 4203 930 4271 quod
950 4203 1060 4270 5111116
1080 4201 1173 4257 dicare
1193 4202 1224 4255 F
1234 4204 1243 4272 11
1264 4207 1297 4255 18
1317 4219 1460 4262 snoursovu
1480 4244 1485 4255 .
1502 4243 1529 4257 ..

250 4272 402 4341 impetrare
429 4274 463 4328 ab
483 4274 542 4327 atia
560 4290 646 4327 mana
664 4290 739 4342 supr.
759 4291 824 4329 aare.
846 4274 883 4343 F,
901 4275 992 4327 omisit
1009 4275 1120 4328 Daniel.
1145 4274 1155 4343 ΙΙ
1178 4276 1215 4328 ad
1234 4273 1373 4341 sacrisque
1393 4272 1481 4326 litatis
1500 4273 1532 4325 ia

250 4361 334 4412 marp.
365 4346 521 4399 sacrificare
539 4347 582 4398 est
600 4345 712 4398 ueniam
730 4349 825 4415 petere
843 4346 925 4400 litare
943 4344 1096 4414 propitiare
1119 4346 1143 4397 T
1160 4347 1169 4414 t
1188 4345 1270 4414 dixit]
1290 4344 1339 4398 sed
1358 4342 1530 4412 distinguen-

251 4415 317 4469 dum
337 4418 379 4470 est
397 4417 429 4470 ut
447 4417 573 4471 dicamus
594 4416 714 4483 ‘sacris’,
737 4417 766 4469 id
790 4420 832 4471 est
855 4434 904 4486 per
929 4433 1019 4482 saera,
1044 4415 1167 4483 ‘litatis',
1194 4414 1532 4484 551115515115555.Ι)11

251 4493 285 4541 20
305 4507 423 4542 runvnaa
441 4505 564 4542 aosrrcro
581 4487 607 4540 L
620 4488 630 4555 ΙΙ
644 4504 757 4556 operam
776 4490 820 4558 ut]
840 4505 926 4558 opera
944 4487 1014 4540 mihi
1028 4487 1061 4540 H
1072 4488 1081 4556 ΙΙ
1095 4493 1129 4541 22
1148 4507 1244 4540 nrauns
1259 4486 1290 4539 F
1300 4489 1310 4555 ΙΙ
1325 4492 1358 4539 23
1377 4484 1532 4539 innecteret

250 4559 288 4624 F,
307 4559 565 4628 555511551511123
586 4560 623 4613 ad
643 4558 728 4612 Orion
746 4561 777 4613 ia
796 4577 881 4629 ararp.
901 4559 1011 4628 signum
1030 4557 1059 4612 in
1079 4557 1157 4613 ouius
1177 4561 1240 4612 ortu
1259 4559 1288 4612 51
1306 4573 1408 4611 occasu
1426 4556 1531 4626 grauis·

250 4630 321 4684 sima
339 4630 372 4684 fit
390 4632 541 4699 tempestas
557 4630 582 4682 T
594 4631 604 4698 ΙΙ
618 4636 652 4682 24
668 4629 817 4698 obponitur
831 4631 861 4704 F
873 4633 882 4699 ΙΙ
896 4637 930 4685 26
946 4631 1036 4701 aaron]
1053 4647 1069 4685 o
1084 4630 1115 4683 F
1125 4633 1136 4711 ΙΙ
1149 4629 1237 4699 dicta]
1257 4647 1313 4684 nvn
1331 4646 1434 4682 555155
1452 4645 1532 4698 prae-

249 4701 333 4755 tende
352 4702 497 4772 naufragis
517 4703 679 4770 (naufragus
698 4703 766 4771 cod.)
790 4702 904 4769 fluetus,
929 4702 1046 4757 adversa
1067 4700 1247 4771 navrgatione
1265 4699 1378 4755 iactatis
1396 4700 1532 4769 procella·

250 4790 311 4898 affl
335 4789 436 4898 &men
462 4790 581 4842 oppone.
620 4773 674 4826 hoc
698 4773 741 4826 est
763 4773 936 4828 inflammare
960 4773 1084 4828 animum
1108 4775 1137 4827 et
1161 4774 1251 4827 artem
1276 4771 1375 4826 dooere
1399 4770 1533 4843 precandi
