3396 5422
708 378 922 433 PRAEFATIO.
1366 378 1453 433 Lxul

176 542 349 627 dignitatis
374 546 463 626 sunt,
486 545 523 606 ut
546 564 612 606 non
631 541 801 605 videantur
816 563 854 605 ex
869 542 1002 626 antiquo
1018 541 1249 606 commentario
1265 542 1456 626 deprompta

176 647 290 734 esse.¹)
323 649 422 714 ceteri
446 649 551 713 tribus
576 648 714 713 maxime
734 647 889 712 subsidiis
909 647 943 710 in
963 647 1070 713 codice
1091 649 1274 715 adnotando
1298 649 1347 713 usi
1367 653 1456 713 suut:

175 755 301 820 Tiberii
324 753 447 820 Donati
469 753 661 819 commentis
686 775 743 837 per
766 756 870 818 totam
894 752 1085 838 Aeneidem,
1109 755 1182 819 inde
1207 778 1226 819 a
1248 756 1347 820 tertio
1371 757 1456 822 libro

177 862 225 927 eis
244 861 378 927 scholiis
403 883 484 945 quae
504 861 621 925 Daniel
651 861 774 944 primus
804 859 917 943 edidit,
945 860 1081 946 denique
1110 863 1221 946 paucis
1249 863 1330 927 locis
1353 860 1456 927 Servii

177 968 421 1033 commentario.
464 988 546 1052 quac
571 990 590 1031 a
612 965 743 1032 Donato
767 971 800 1031 et
824 965 934 1032 Servio
964 969 1148 1051 petiverunt
1171 992 1236 1034 non
1260 970 1370 1035 curavi
1393 970 1455 1035 nisi

109 1142 115 1151 ,
142 1100 145 1106 ·
178 1097 253 1140 cum
276 1074 460 1141 Danielinis
490 1074 622 1138 scholiis
651 1074 824 1139 coniuncta
852 1077 953 1138 erant.
991 1075 1070 1139 item
1098 1076 1227 1140 inutilia
1256 1077 1456 1161 singulorum

178 1183 351 1247 verborum
381 1182 433 1246 uel
463 1181 664 1246 locutionum
699 1181 988 1265 interpretamenta
1012 1181 1201 1267 plerumque
1224 1184 1319 1247 omisi
1340 1184 1458 1268 quippe

181 1311 263 1373 quae
292 1288 441 1353 homines
471 1288 520 1352 illi
551 1312 589 1353 ex
620 1289 687 1352 suis
717 1288 856 1372 ingeniis
888 1287 1047 1352 addidisse
1077 1289 1256 1355 videantur.
1297 1312 1459 1375 perpauca

183 1417 266 1479 quae
290 1417 307 1460 e
330 1395 508 1478 Fulgentii,
531 1394 703 1478 Macrobii,
726 1394 844 1458 Isidori
867 1395 960 1458 libris
984 1395 1223 1479 exscripserunt
1247 1394 1373 1479 edidi.²)
1411 1419 1459 1463 cc·

184 1505 292 1565 terum
314 1523 418 1585 neque
449 1523 530 1584 opus
560 1500 730 1565 uidebatur
761 1522 843 1584 qnae
875 1502 915 1566 ab
946 1501 998 1565 his
1031 1502 1155 1586 scripta
1185 1507 1261 1568 sunt
1290 1505 1323 1567 in
1347 1505 1460 1570 critica

161 1606 393 1673 adnotatione
417 1608 501 1671 inter
530 1629 564 1672 sc
592 1608 773 1672 discernere
796 1629 901 1693 neque
929 1609 1078 1674 omnibus
1108 1610 1187 1675 locis
1221 1634 1314 1676 suum
1343 1611 1458 1695 cuique

183 1715 285 1779 tribui
307 1717 446 1798 poterat.
488 1737 564 1779 nam
583 1717 620 1779 ut
644 1714 712 1778 eins
735 1737 850 1779 manns
874 1716 929 1800 qui
943 1717 1116 1781 nouissime
1136 1718 1293 1802 omnium,
1317 1723 1351 1782 ut
1376 1717 1459 1782 uide-

183 1824 249 1904 tur,
272 1821 347 1885 inde
371 1844 389 1885 a
413 1826 530 1905 quarto
559 1822 643 1886 libro
673 1843 739 1886 non
766 1822 856 1886 nulla
885 1822 1064 1905 pleniorum
1093 1823 1246 1889 librorum
1276 1824 1399 1889 scholia
1426 1823 1460 1887 in

184 1927 401 2013 marginibus,
424 1950 490 1991 non
513 1928 599 1993 inter
621 1951 733 1993 uersus
753 1928 940 2013 adscripsit,
964 1952 983 1994 a
1006 1929 1140 2014 reliquis
1159 1930 1282 2016 differt,
1305 1932 1353 1995 ita
1376 1931 1461 1995 inter

179 2033 240 2098 hos
264 2035 353 2119 ipsos
376 2056 443 2099 non
466 2056 504 2098 ea
527 2038 578 2098 est
600 2036 785 2100 litterarum
809 2039 842 2098 et
872 2035 1034 2108 scribendi
1059 2037 1299 2126 consuetudinis
1323 2037 1460 2102 dissimi-

181 2139 299 2223 litudo,
322 2143 359 2204 ut
381 2162 401 2204 a
425 2161 488 2224 quo
520 2141 668 2225 quodque
699 2139 858 2204 scholium
889 2143 1047 2224 scriptum
1071 2143 1115 2206 sit
1145 2166 1273 2229 semper
1302 2149 1389 2210 certo
1414 2144 1460 2208 di·

183 2247 296 2331 gnosci
327 2247 442 2330 possit.
488 2247 523 2310 in
554 2247 679 2311 schedis
711 2247 792 2310 meis
823 2248 929 2331 quoad
959 2248 1030 2314 fieri
1060 2253 1191 2334 poterat
1220 2251 1363 2317 diversas
1395 2274 1461 2317 ma·

183 2376 244 2418 nus
268 2353 412 2418 distinxi.

271 2458 354 2525 Cum
376 2460 497 2524 librum
526 2482 611 2525 anno
639 2461 723 2524 1876
747 2460 783 2523 in
811 2459 967 2525 Berncnsi
996 2462 1195 2530 bibliotheca
1222 2471 1362 2531 tractare
1391 2488 1461 2531 coc·

183 2567 304 2652 pissem
337 2568 509 2650 sperabam
543 2589 580 2631 ea
617 2589 698 2651 quae
737 2566 775 2630 de
812 2565 969 2649 plenioris
1008 2573 1233 2635 commentarii
1271 2573 1397 2658 origine
1430 2575 1462 2636 et

183 2674 415 2758 compositione
439 2675 603 2739 invenisse
628 2673 763 2739 uidebar
786 2673 854 2737 eius
874 2676 1067 2741 auctoritate
1088 2679 1217 2763 egregie
1236 2680 1462 2744 confirmatum

183 2781 234 2845 iri.
276 2780 431 2846 additicia
455 2781 544 2846 enim
568 2781 692 2846 scholia
714 2780 906 2865 plerumque
929 2781 997 2845 sinc
1021 2781 1186 2848 Servianis
1210 2785 1328 2869 scripta
1355 2786 1463 2869 eisquc

183 2910 250 2953 non
278 2887 378 2951 nullis
407 2889 487 2953 locis
518 2892 629 2973 aperte
657 2891 824 2971 tamquam
855 2887 960 2952 aliena
991 2892 1142 2974 opposita
1172 2913 1242 2957 esse
1273 2890 1462 2976 videbanr.²⁵)

184 3060 397 3067 ————

184 3150 288 3206 dicitnr
306 3151 340 3205 de
359 3151 494 3222 polifemo
513 3153 673 3207 fabulosum
692 3153 735 3205 est
755 3149 867 3212 Veritas
890 3154 983 3206 tamen
1008 3152 1095 3208 habat
1116 3154 1280 3225 polisemum
1306 3155 1464 3225 prudentis·

187 3230 288 3285 simum
307 3231 393 3285 fuisse
412 3249 496 3301 quem
514 3232 604 3286 ulixes
629 3247 680 3285 sua
699 3229 812 3285 astutia.
828 3231 971 3300 superavit
989 3233 1081 3288 Vnum
1105 3238 1200 3290 autem
1226 3236 1338 3289 oculum
1362 3234 1465 3290 dicitur

185 3310 319 3365 habuisse
338 3311 368 3364 in
385 3311 478 3367 fronte
497 3314 612 3383 propter
629 3309 809 3380 prudentiam
829 3327 912 3379 quam
926 3311 1051 3368 habebat
1069 3332 1134 3369 nam
1153 3315 1233 3369 sedes
1253 3313 1417 3384 prudentiae
1436 3313 1464 3367 in

186 3390 299 3445 cerebro
319 3390 423 3446 dicitur
441 3394 525 3447 esse'.
602 3396 628 3459 1)
647 3391 681 3445 cl.
701 3389 738 3443 ad
756 3387 825 3443 Aen.
845 3390 884 3444 ΙΙΙ
904 3398 954 3446 125
981 3392 1092 3448 ‘Naxon
1115 3395 1266 3451 insulaest
1288 3394 1377 3448 libero
1400 3410 1465 3448 cou-

186 3473 296 3525 secrata
314 3469 397 3525 olivis
416 3473 582 3527 habundans
603 3471 675 3525 unde
694 3475 725 3524 et
742 3471 844 3525 bacatu
863 3469 968 3525 dicitur
984 3472 1074 3547 bachp
1094 3517 1122 3530 ..
1141 3475 1249 3529 fructus
1267 3472 1416 3527 olivaruru'
1437 3477 1466 3527 ct

187 3548 306 3604 ‘Donisa
325 3591 331 3602 .
350 3552 394 3605 est
411 3551 519 3605 insulae
538 3549 636 3605 viridis
655 3552 748 3604 autem
769 3547 872 3602 dicitnr
890 3554 1004 3621 propter
1023 3553 1112 3607 olivas
1127 3553 1231 3609 virides
1248 3596 1342 3610 .....
1358 3552 1466 3623 species

187 3628 326 3684 olivarnm
348 3629 469 3687 viridis’.
507 3632 543 3685 ad
567 3630 606 3684 ΙΙΙ
630 3635 682 3684 282
709 3627 796 3683 ‘Nudi
820 3629 974 3698 palestram
997 3633 1188 3689 exercebant.
1209 3677 1215 3689 .
1235 3631 1358 3689 vestiti.
1378 3632 1465 3703 impc-

187 3708 313 3764 direntnr
336 3713 366 3762 et
387 3709 499 3765 facilius
523 3711 699 3764 deicerentur
718 3707 902 3776 Vngebantur
930 3716 1070 3765 ceromate
1089 3711 1206 3768 Ceroma
1230 3715 1325 3767 antem
1350 3715 1395 3766 est
1417 3732 1467 3767 uu·

186 3794 322 3860 guentam
340 3806 376 3843 ex
393 3791 456 3845 oleo
475 3808 530 3862 quo
549 3792 676 3846 membra
693 3789 864 3844 athletarum
883 3790 1080 3861 ungebantur'.
1189 3800 1216 3863 2)
1236 3794 1270 3849 cf.
1290 3793 1385 3848 adnot.
1405 3792 1466 3847 crit.

187 3871 225 3923 ad
243 3868 283 3922 lll
302 3876 346 3937 66,
365 3876 430 3937 2123
456 3872 479 3923 Υ
498 3878 557 3926 458.
596 3887 668 3940 quae
692 3870 771 3926 codd
795 3865 896 3923 Isidori
914 3870 1050 3925 ecclesiae
1069 3872 1222 3927 Toletauae
1241 3874 1278 3927 ad
1297 3872 1366 3943 orig.
1385 3872 1422 3927 IV
1442 3879 1467 3939 t,

188 3956 224 4004 34
241 3948 412 4004 addiderunt
433 3951 479 4015 (cl.
499 3952 582 4005 Peter
604 3950 702 4005 histor.
722 3950 839 4004 Roman.
864 3950 925 4004 rell.
944 3967 971 4019 p.
991 3958 1017 4018 6)
1041 3951 1071 4005 in
1089 3951 1242 4007 'l'uroneusi
1268 3953 1305 4007 ad
1328 3956 1395 4007 Aen.
1416 3952 1466 4005 Vll

188 4036 241 4084 863
260 4029 301 4085 sic
319 4029 462 4100 adscripta
480 4036 547 4086 suut
567 4030 693 4100 ‘quidam
711 4030 824 4084 uolscos
842 4030 959 4084 tradunt
981 4031 1139 4101 appellatos
1157 4049 1175 4086 a
1194 4034 1292 4099 nolsco
1311 4031 1467 4087 autitatelis

188 4109 309 4180 trigonis
327 4110 395 4166 tilio.
423 4109 517 4165 fabius
536 4111 643 4165 colchis
666 4111 809 4181 protectos
831 4114 962 4179 corrupto
981 4111 1093 4165 nomine
1112 4129 1211 4167 noscos
1229 4111 1387 4182 appellatos
1406 4111 1467 4165 ait’.

260 4189 441 4258 3lctadnot.
461 4191 521 4245 crit.
541 4191 777 4259 adseulllsss,
796 4197 857 4244 552.
886 4189 996 4257 lvsm,
1015 4198 1076 4247 694,
1105 4192 1182 4247 Vas.
1215 4192 1251 4245 ad
1269 4190 1305 4245 Xl
1327 4197 1376 4245 741
1398 4190 1468 4244 hacc

189 4269 221 4323 in
239 4269 395 4325 anoueusi
420 4270 557 4325 adnotata
579 4278 656 4326 sunt:
687 4271 810 4340 ‘praeter
834 4269 982 4324 historiam
1008 4269 1085 4325 illam
1110 4288 1194 4341 quam
1218 4271 1253 4325 de
1278 4270 1396 4325 Caesare
1415 4270 1468 4323 hoc

189 4351 254 4405 loco
276 4356 414 4406 memorat
436 4350 549 4406 Servius
572 4351 659 4406 aliam
682 4351 769 4404 etiam
792 4348 950 4404 invenimus
975 4366 1008 4403 cx
1031 4367 1088 4419 qua
1110 4350 1325 4405 similitudinem
1349 4349 1469 4418 sumpsit

189 4429 336 4500 Virgilius.
374 4431 463 4486 Varro
482 4431 557 4486 enim
576 4448 639 4484 cnm
657 4430 694 4483 de
716 4446 768 4484 suo
786 4427 954 4499 cognomine
972 4429 1131 4499 disputaret
1144 4429 1197 4486 ait’
1219 4448 1243 4485 c.
1262 4448 1288 4499 q.
1308 4447 1329 4483 s.
1362 4428 1397 4481 ad
1418 4428 1467 4482 xil

191 4516 244 4564 118
264 4510 437 4564 ‘communes
456 4511 497 4565 dii
515 4515 629 4582 praeter
651 4510 705 4563 hoc
731 4510 806 4579 qnod
830 4507 942 4563 Servius
970 4508 1113 4581 intellegit
1140 4514 1258 4580 possum
1284 4508 1376 4577 accipi
1399 4526 1469 4577 sinos

190 4590 378 4645 communiter
395 4591 554 4648 invocaturi
573 4592 662 4646 eraut.
699 4592 751 4644 ant
776 4588 992 4644 'commnmhus’
1020 4589 1162 4646 amicitiae
1188 4593 1217 4645 et
1242 4589 1387 4643 foederis’.
1406 4588 1470 4644 aliis

191 4669 261 4725 locis
280 4670 375 4739 siquid
392 4687 409 4725 a
427 4670 556 4727 breuiore
574 4667 777 4726 commentario
796 4668 968 4738 adscriptum
986 4674 1031 4723 cst
1048 4669 1079 4723 id
1096 4670 1193 4739 aperte
1212 4666 1310 4722 Servio
1328 4666 1469 4735 tribuitur,

191 4749 281 4806 ueluti
299 4751 325 4805 l'
344 4757 397 4806 468
417 4751 602 4822 ‘hyppallage
630 4755 674 4805 est
703 4753 735 4803 nt
758 4747 870 4802 Servius
896 4747 994 4817 dicit,
1013 4750 1051 4804 vl
1070 4756 1122 4805 437
1152 4748 1276 4804 ‘Seruius
1300 4749 1371 4805 dicit
1394 4752 1470 4819 qnod

191 4831 329 4886 Homerus
347 4832 454 4885 narrat'
474 4848 498 4886 e.
517 4852 544 4902 q.
563 4851 585 4886 s.

247 4931 322 4972 Servii
335 4942 416 4972 somna
431 4931 482 4971 t'oL
496 4931 516 4974 1.
536 4932 603 4973 Fue.
618 4930 650 4971 11.
1242 4934 1257 4972 e
