3396 5422
242 364 318 419 LXX
771 362 987 418 PRAEFATIO.

245 531 375 593 centum
398 526 466 591 fere
491 527 585 592 annis
608 530 685 610 post
709 526 855 593 Servium
886 528 981 607 vixit,
1009 528 1203 612 ubicumque
1231 551 1303 593 eum
1332 551 1524 597 commemo·

245 635 331 700 ravit
353 633 414 699 hoc
438 656 503 698 uno
526 633 657 698 nomine
681 656 758 698 usus
782 639 840 700 est.
883 634 1066 720 Vergiliani
1090 639 1199 700 autem
1223 638 1449 702 commentarii
1472 661 1523 704 co·

245 742 331 806 dices
356 740 492 806 saeculis
507 739 553 803 IX
576 740 607 804 X
629 740 676 804 XI
691 742 816 806 exarati
839 740 960 806 ‘Servii
983 741 1205 827 grammatici'
1228 743 1358 808 nomine
1377 745 1525 830 inscripti

245 852 321 913 sunt
345 851 442 932 atque
466 847 504 911 de
528 852 657 913 centum
681 848 793 912 metris
820 849 983 933 libellum,
1007 849 1036 912 si
1059 848 1153 912 libris
1171 872 1268 914 manu
1293 851 1422 934 scriptis
1445 853 1525 917 fides

245 959 307 1041 est,
332 953 539 1020 ‘Clarissimo
554 953 693 1020 Albino’
718 955 808 1020 misit
834 954 984 1021 ‘Servius
999 956 1256 1041 grammaticns'.
1298 979 1361 1041 quo
1381 961 1525 1043 tempore

244 1062 374 1127 nomine
407 1062 516 1126 nescio
552 1085 615 1146 qua
648 1084 745 1127 causa
777 1067 929 1147 corrupto
960 1062 1092 1149 Sergius
1125 1063 1284 1147 appellari
1316 1069 1449 1149 coeptus
1483 1066 1526 1131 sit

246 1169 479 1255 grammaticus
503 1190 569 1233 non
598 1191 730 1252 possum
759 1170 878 1235 dicere:
909 1169 1033 1237 Lucani
1056 1170 1141 1234 enim
1171 1175 1354 1235 commenta
1381 1173 1422 1236 ab
1446 1171 1525 1238 Vse·

245 1299 323 1341 nero
350 1276 450 1359 edita,
476 1276 511 1340 in
534 1275 651 1359 quibus
681 1274 812 1361 Sergius
836 1275 976 1361 Vergilii
1004 1279 1243 1342 commentator
1270 1277 1434 1363 laudatur,
1462 1301 1525 1362 quo

245 1387 391 1468 tempore
415 1386 487 1447 orta
510 1382 577 1446 sint
599 1382 759 1447 incertum
783 1386 840 1447 est
887 1383 942 1447 sed
971 1381 1166 1448 Bobiensem
1192 1384 1327 1467 librum,
1360 1385 1415 1468 qui
1442 1406 1528 1450 nunc

247 1495 297 1554 est
320 1489 581 1554 Vindobonensis
608 1490 663 1573 16,
692 1512 755 1573 quo
785 1488 899 1574 Sergio
927 1490 1116 1555 tribuuntur
1143 1489 1183 1554 de
1211 1490 1323 1555 littera
1346 1495 1528 1556 commenta

248 1594 310 1684 (lV
334 1619 364 1680 p.
387 1595 453 1660 475
477 1593 545 1682 K),
574 1596 714 1679 septimo
739 1596 867 1660 saeculo
898 1596 948 1660 vel
973 1602 1087 1661 octavo
1112 1597 1242 1661 ineunte
1271 1597 1429 1681 scriptum
1457 1620 1528 1663 esso

246 1703 309 1769 viri
339 1702 426 1768 docti
454 1703 577 1786 dicunt,
606 1706 704 1786 atque
735 1702 917 1767 Parisinum
949 1703 1049 1786 7530,
1076 1703 1112 1767 in
1140 1726 1204 1786 quo
1234 1706 1467 1770 commentario
1494 1706 1529 1769 in

247 1811 412 1876 Donatum
435 1810 516 1874 haec
543 1809 702 1892 inscripta
730 1813 805 1873 sunt
837 1808 971 1894 ‘Incipit
998 1812 1074 1893 pais
1103 1808 1224 1894 Sergii’
1253 1815 1369 1876 octavo
1399 1814 1528 1878 saeculo

247 1918 362 1982 tribuit
389 1916 524 1980 Keilius.
571 1916 709 2000 denique
744 1916 799 2000 qui
827 1916 913 1981 inter
940 1915 1121 2001 Vergiliani
1150 1918 1375 1983 commentarii
1404 1919 1528 1983 codices

249 2024 488 2089 vetustissimus
517 2026 665 2108 putatur,
694 2023 867 2087 Bemensis
897 2025 975 2108 363,
1004 2027 1191 2107 corruptam
1218 2025 1361 2090 nominis
1389 2026 1530 2090 formam

248 2133 283 2197 in
305 2132 402 2197 titulo
427 2129 565 2195 exhibet.

337 2237 499 2302 Honorati
523 2258 703 2321 cognomen
726 2238 884 2322 primum,
916 2238 1001 2322 quod
1026 2237 1142 2320 sciam,
1170 2237 1206 2300 in
1228 2238 1334 2302 libelli
1362 2238 1400 2302 de
1428 2238 1532 2304 finali·

248 2348 309 2411 bus
334 2344 543 2427 inscriptione
566 2345 691 2410 nomini
716 2345 860 2409 additum
885 2349 950 2411 est:
975 2345 1055 2409 haec
1075 2343 1161 2408 enim
1175 2344 1347 2409 Bobiensis
1364 2348 1396 2410 et
1409 2344 1530 2410 Frisiu-

250 2452 360 2539 gensis
393 2448 490 2537 (saec.
521 2448 566 2537 X)
599 2452 757 2517 memoria
790 2451 937 2518 ‘Servius
969 2451 1150 2518 honoratus
1183 2452 1328 2536 aquilino
1362 2451 1533 2537 salutem'3

250 2560 313 2645 ipsi
339 2563 448 2623 autem
474 2558 740 2625 commentationi
766 2555 827 2644 (IV
851 2583 881 2643 p.
905 2559 985 2643 449,
1009 2560 1029 2623 6
1053 2557 1106 2644 Κ.)
1135 2557 1170 2621 in
1192 2556 1349 2622 Bobiensi
1374 2556 1430 2622 ‘de
1454 2558 1531 2622 fina-

250 2667 335 2730 libus
368 2662 531 2728 Honorati
564 2663 800 2750 grammatici’‚
838 2665 873 2728 in
904 2663 1108 2748 Frisingensi
1141 2662 1274 2749 ‘incipit
1310 2665 1349 2729 de
1381 2664 1532 2728 finalibus

250 2773 368 2838 litteris
399 2770 561 2836 Honorati
593 2769 814 2856 grammatici'
851 2772 1074 2855 praepositum
1106 2774 1163 2836 est.
1216 2769 1314 2835 Marii
1346 2771 1397 2835 vel
1426 2769 1534 2835 Mauri

251 2901 449 2964 praenomen
471 2877 505 2942 in
529 2877 693 2942 codicibus
719 2876 757 2941 de
782 2881 911 2942 centum
935 2878 1047 2942 metris
1071 2877 1173 2942 libelli
1193 2877 1333 2941 maxime
1357 2877 1531 2942 invenitur.

251 2988 289 3052 cf.
315 3009 396 3072 quae
419 2986 545 3050 Keilius
568 2989 646 3049 tom.
669 2983 716 3048 IV
740 2984 839 3068 praef.
864 3008 894 3068 p.
918 2983 1024 3048 XLVI
1048 2984 1195 3070 collegit,
1220 2987 1254 3049 et
1278 3007 1360 3068 quae
1385 2984 1425 3048 ad
1450 2981 1534 3048 (lon-

252 3093 349 3158 sentii
381 3097 485 3157 artem
510 3090 541 3155 V
564 3115 594 3175 p.
610 3090 685 3174 339,
699 3090 742 3154 22
767 3090 946 3155 adnotavit.
989 3089 1069 3154 adde
1094 3090 1402 3175 quodEmmeramo
1427 3090 1533 3154 codice

252 3197 348 3284 (saec.
372 3196 416 3285 X)
441 3197 524 3261 liber
547 3195 587 3260 de
612 3195 766 3260 finalibus
791 3193 904 3260 Servio
927 3194 1031 3261 Mario
1056 3193 1227 3263 Honorato
1247 3197 1410 3263 tribuitur.
1448 3197 1535 3261 inter

252 3306 353 3370 libros
378 3303 495 3390 quibus
519 3301 701 3387 Vergiliani
730 3302 955 3367 commentarii
979 3305 1187 3369 continentur
1211 3304 1350 3389 primus,
1377 3309 1534 3389 quantum

254 3411 334 3497 scio,
357 3410 523 3475 Leidensis
546 3409 625 3474 bibl.
650 3410 737 3495 publ.
752 3410 773 3474 5
788 3409 909 3474 saeculi
924 3408 996 3473 ΧΠ.
1032 3409 1130 3476 Marii
1156 3409 1262 3476 Servii
1280 3411 1414 3476 nomina
1429 3416 1534 3477 osten-

252 3520 314 3585 dit:
344 3517 494 3584 Maurum
524 3516 670 3583 Servium
698 3517 903 3583 Honoratum
935 3518 985 3581 vel
1017 3516 1164 3582 Servium
1194 3516 1400 3585 Honoratum
1430 3539 1536 3602 gram-

253 3628 407 3691 maticum
431 3625 494 3690 dici
517 3648 583 3690 non
606 3625 715 3690 inveni
744 3623 808 3687 nisi
832 3623 866 3686 in
889 3623 983 3687 libris
1009 3624 1137 3688 saeculo
1160 3622 1230 3688 XV.
1255 3622 1424 3709 scriptis¹l

345 3732 403 3795 His
428 3753 510 3814 quae
534 3731 657 3815 protuli
672 3728 870 3794 testimoniis
886 3728 1019 3812 probari
1034 3729 1158 3793 videtur
1181 3731 1216 3793 in
1231 3729 1368 3816 Vergilii
1393 3731 1538 3796 carmina

254 3837 505 3905 commentarios
530 3860 549 3900 a
575 3835 687 3901 Servio
716 3837 787 3921 ipso
816 3833 932 3919 gentili
960 3835 1092 3899 nomine
1120 3838 1326 3920 grammatici
1356 3837 1453 3902 titulo
1485 3837 1538 3902 ad·

254 4093 361 4164 scripta
378 4095 443 4147 sunt
458 4091 709 4147 ‘commentarium
728 4091 758 4145 in
774 4093 834 4146 arte
850 4090 963 4146 Donati
976 4090 1098 4160 priorem
1113 4092 1247 4162 explicuit
1260 4092 1394 4164 magister
1404 4090 1538 4159 Servius',

255 4179 284 4233 et
301 4173 483 4242 inscriptione
503 4173 603 4242 capitis
623 4173 656 4227 de
676 4171 803 4242 partibus
827 4171 962 4228 orationis
982 4170 1020 4224 lV
1039 4190 1065 4241 p.
1085 4177 1151 4240 487,
1171 4179 1204 4227 22
1224 4173 1257 4226 Κ.
1277 4172 1368 4240 qualis
1387 4170 1417 4224 in
1437 4172 1532 4226 Sante·

253 4258 338 4312 niano
356 4254 429 4308 libro
449 4254 504 4320 est,
524 4252 615 4307 ethis
634 4269 705 4320 quae
724 4251 754 4304 in
773 4249 890 4322 [Sergii]
911 4251 1021 4321 explan.
1040 4249 1070 4304 in
1090 4251 1159 4306 Don.
1178 4270 1205 4321 p.
1222 4257 1282 4317 496,
1298 4257 1332 4305 26
1347 4250 1380 4303 X.
1400 4250 1533 4319 leguntur

255 4339 336 4391 ‘haec
356 4338 420 4388 sunt
439 4348 509 4402 quae
530 4333 655 4386 Donatus
674 4332 704 4384 in
722 4331 814 4400 prima
831 4333 910 4399 parte
933 4331 1036 4385 artium
1050 4331 1192 4386 tractavit.
1226 4331 1297 4384 haec
1316 4329 1453 4398 magister
1472 4330 1532 4384 Ser-

253 4417 314 4472 vius
334 4412 503 4470 extrinsecus
521 4411 665 4469 dictavit'.
703 4410 824 4479 denique
843 4411 1044 4466 Pseudo-Acro
1064 4410 1100 4465 ad
1119 4411 1186 4465 Hor.
1206 4412 1258 4464 sat.
1273 4410 1286 4463 Ι
1300 4415 1325 4475 9,
1347 4415 1380 4462 76
1401 4408 1452 4462 ‘sic
1477 4407 1537 4461 Ser·

253 4496 328 4562 vius,
349 4495 482 4564 magister
501 4492 593 4560 urbis,
614 4491 765 4562 exposuit'.
895 4496 921 4562 1)
941 4490 1033 4545 Publii
1052 4506 1223 4561 praenomen
1241 4489 1317 4557 quod
1336 4489 1443 4544 duobus
1462 4487 1538 4542 Pari-

258 4575 325 4629 sinis
345 4573 424 4629 libris
444 4573 555 4628 saeculo
573 4572 632 4627 XV.
663 4570 774 4640 scriptis
794 4571 890 4626 Servio
913 4571 1046 4627 tribuitur
1074 4571 1119 4639 (cf.
1140 4570 1263 4623 Thomas
1283 4569 1354 4623 essai
1373 4587 1399 4638 p.
1420 4575 1468 4635 26,
1488 4575 1539 4622 134
1560 4576 1562 4580 ’

255 4655 348 4710 adnot.
369 4661 394 4722 2,
414 4673 441 4723 p.
461 4660 512 4708 317
532 4656 584 4721 sq.)
603 4670 621 4706 a
639 4651 765 4722 Vergilio
783 4652 812 4705 in
833 4652 1085 4706 commentatorem
1111 4649 1280 4706 translatum
1305 4652 1354 4704 est.
1392 4649 1422 4702 in
1441 4647 1538 4702 codice

255 4733 444 4789 bibliothecae
470 4734 535 4788 Stse
559 4732 717 4787 Genovefae
741 4730 905 4788 Parisiensis
924 4732 950 4785 Y
969 4733 982 4786 Ι
1003 4739 1015 4786 1
1037 4748 1108 4787 saec.
1129 4730 1188 4784 XV.
1212 4731 1296 4785 modo
1320 4731 1434 4786 Maurus
1454 4729 1539 4784 modo

255 4815 358 4869 Marius
382 4813 493 4870 Servius
512 4813 671 4868 Honoratus
689 4812 890 4884 grammaticus
908 4812 1067 4867 nominatus
1087 4812 1137 4866 est.
