3396 5422
521 414 635 470 COMM.
654 415 694 469 ΙΝ
711 415 818 470 VERG.
838 416 921 473 AEN.
941 417 987 471 lv.
1006 424 1155 473 arc-em.
1413 422 1475 488 527

285 577 360 644 351.
397 605 440 644 nn
457 605 560 644 raonis
578 604 725 645 ananiam
745 581 837 661 qnasi
858 581 958 645 adine
985 584 1138 664 responsis
1165 604 1228 649 non
1250 588 1393 670 mederet,
1420 589 1474 652 ad·

140 698 143 703 '
196 686 279 751 didit
293 688 399 768 patris
421 688 667 752 admonitionem.

283 794 357 859 352.
395 812 468 860 uox
493 812 622 859 ornam
646 813 781 861 rannus
806 817 825 859 a
847 795 1030 861 verisimili:
1055 797 1126 862 ideo
1150 803 1277 883 tempus
1302 802 1421 885 posuit.
1504 856 1506 861 .

196 918 370 978 Qvomuus
395 906 512 986 autem,
536 902 597 966 hoc
620 906 670 966 est
692 925 750 986 per
773 925 1032 987 unamquamque
1056 908 1194 970 noctem.
1272 933 1363 974 asora
1384 935 1475 974 ronan

194 1033 332 1074 sraorar
351 1029 450 1073 unam
472 1030 536 1073 rem
559 1010 605 1074 bis
627 1011 715 1075 diait.
762 1009 881 1076 ‘astra’
905 1017 1006 1075 aulem
1031 1010 1151 1095 ‘ipnea'
1175 1035 1196 1077 a
1218 1015 1407 1097 sapientibus
1430 1018 1474 1080 di·
1494 1028 1509 1076 5

193 1121 313 1180 mmtnr.

282 1222 356 1288 353.
393 1242 430 1288 IN
455 1241 580 1290 somus
605 1247 696 1290 more
720 1249 777 1291 suo
800 1249 859 1310 pro
884 1226 934 1291 ‘in
958 1226 1119 1292 somniis’.
1189 1253 1314 1294 nnuman
1335 1226 1474 1315 (raanan)

193 1331 228 1395 id
249 1335 293 1395 est
308 1332 402 1413 priris
425 1353 472 1396 me
494 1333 663 1415 admonuit,
681 1339 753 1414 post
775 1335 992 1417 neplepentiam
1015 1336 1108 1399 etiam
1132 1337 1249 1399 terruit.
1318 1354 1474 1401 ananum

193 1439 363 1503 terribilis:
396 1439 482 1523 quod
515 1444 547 1505 et
580 1441 713 1505 umbrae
747 1441 898 1506 convenit
932 1445 964 1505 et
995 1443 1142 1526 parentis
1178 1443 1374 1507 auctoritati.
1419 1449 1476 1508 aut

193 1545 340 1611 ‘turbida'
362 1567 420 1629 pro
444 1547 566 1612 turbata
589 1553 617 1611 et
638 1548 781 1626 sollicita,
804 1553 839 1611 nt
860 1550 925 1629 ipse
947 1550 994 1612 ait
1016 1548 1084 1631 <Vl
1108 1549 1194 1630 694>
1217 1571 1325 1631 quam
1347 1552 1526 1630 metni,1o

191 1655 328 1736 nequid
349 1654 491 1738 Libyae
515 1655 584 1720 tibi
605 1677 717 1738 repna
739 1661 927 1719 nocerent:
955 1677 1030 1720 nam
1054 1661 1083 1720 ot
1105 1657 1226 1720 Aeneas
1252 1657 1296 1721 sio
1319 1659 1474 1739 respoudit

193 1760 262 1846 <Vl
286 1762 372 1845 695>
396 1768 459 1827 tna
481 1783 533 1826 me
552 1764 699 1844 ponitor
721 1767 784 1826 tna
808 1763 931 1827 tristis
953 1764 1081 1845 imago.

281 1870 355 1935 354.
391 1888 440 1933 Ma
473 1889 564 1934 Pvna
596 1886 765 1935 Ascnmvs
799 1891 890 1934 amor
923 1869 1057 1934 Ascanii
1091 1870 1215 1935 scilicet
1244 1872 1403 1936 admonet.
1444 1880 1473 1938 et

193 1976 263 2041 bene
285 1983 314 2042 et
334 1983 459 2060 patrem
487 1984 515 2043 et
536 1979 638 2061 filium
660 1978 778 2059 posuit,
806 1983 842 2042 nt
867 1978 919 2042 ille
950 1979 1149 2060 increpando,
1176 1978 1226 2044 loia
1252 1981 1326 2044 diem
1353 1983 1472 2046 uidetur

192 2091 320 2170 nrperet.
365 2087 418 2151 sed
438 2086 511 2151 laec
532 2088 576 2151 ad
597 2087 800 2151 necessitatem
816 2087 1018 2168 profectionis
1040 2088 1159 2151 adiecit.
1493 2100 1523 2146 15

281 2193 355 2258 355.
393 2211 489 2271 qvam
518 2193 615 2277 longe
643 2193 788 2277 repetiit:
818 2197 851 2258 εὴ
879 2191 999 2275 ‘quem’
1032 2215 1095 2258 non
1123 2196 1166 2259 ad
1193 2194 1323 2277 ‘capnt',
1351 2199 1405 2262 sod
1432 2199 1471 2262 ad

190 2299 367 2366 Ascanium
390 2301 516 2366 retulit:
540 2306 573 2365 et
597 2301 674 2366 licet
696 2304 874 2384 excusetur,
897 2306 1007 2365 tamen
1031 2301 1272 2385 σολοικοφανές
1295 2307 1353 2368 est.
1483 2298 1486 2302 ⁴

280 2408 353 2474 356.
401 2426 595 2474 insunuans
627 2427 741 2473 nrvvm
768 2402 901 2494 Ἑρμῆςι
935 2409 1092 2493 expressit
1124 2410 1270 2474 verbum'
1292 2410 1329 2475 de
1363 2413 1470 2477 verbo.

190 2518 243 2581 scd
263 2516 313 2581 loia
336 2514 515 2600 ‘interpres’
533 2538 594 2599 pro
617 2518 726 2581 nuntio
746 2518 866 2598 posuit:
890 2522 918 2580 et
939 2538 977 2581 ne
993 2517 1074 2597 forte
1090 2518 1204 2600 stupere
1216 2524 1391 2600 putaretur,
1414 2522 1470 2585 ad-

189 2625 269 2689 didit
298 2623 404 2689 ‘testor
441 2635 602 2706 utrumqne
631 2623 746 2706 eaprot'.
805 2625 911 2690 deinde
944 2626 1043 2690 multa
1077 2646 1145 2689 onom
1172 2626 1387 2706 adfirmatione
1416 2628 1470 2692 lroo
1488 2636 1522 2684 20

190 2732 263 2815 opit,
285 2733 410 2798 dicendo
435 2732 514 2814 ‘ipse
532 2735 621 2798 denm
639 2734 802 2813 manifesto
822 2724 861 2797 in'
875 2734 990 2797 lumino
1008 2731 1099 2811 oidi',
1117 2753 1180 2797 non
1198 2734 1236 2797 at
1255 2734 1317 2798 alio
1336 2736 1468 2813 dictum·

190 2844 219 2904 et
241 2837 397 2917 ‘lumino’‚
420 2861 482 2904 non
505 2842 540 2904 in
564 2840 704 2917 tenebris,
727 2861 789 2904 non
808 2861 865 2921 per
887 2840 1034 2922 quietem:
1063 2841 1170 2904 omnia
1193 2846 1295 2905 tamen
1322 2841 1395 2907 llaec
1410 2865 1470 2925 per

189 2949 423 3014 translationem
451 2955 595 3031 apnntnr.
685 2967 729 3012 AB
759 2965 833 3014 IPSO
867 2948 899 3012 id
928 2953 977 3012 est
1005 2969 1139 3032 magno,
1171 2951 1208 3013 ut
1236 2972 1332 3033 supra
1360 2949 1468 3034 <268>

190 3055 273 3140 ipse
298 3054 404 3120 deum
428 3057 503 3120 tibi
527 3078 582 3120 me
607 3057 712 3120 claro
736 3055 909 3120 demittit
933 3054 1105 3140 Olympo.

277 3162 351 3227 357.
388 3182 579 3241 vruvuqvu
604 3180 715 3228 cnrvr
739 3169 796 3227 ant
818 3186 925 3227 meum
949 3167 981 3228 et
1004 3167 1110 3228 tuum:
1140 3168 1196 3228 aut
1219 3164 1307 3229 Iovis
1331 3169 1364 3230 et
1386 3164 1468 3230 Mer·
1487 3174 1521 3220 25

188 3270 281 3335 curii:
306 3275 362 3335 aut
385 3293 491 3336 meum
512 3275 544 3335 et
563 3271 704 3335 Ascanii.
736 3272 794 3335 alii
811 3272 917 3336 oolnmt
934 3271 1056 3335 Aeneae
1074 3277 1103 3335 et
1120 3270 1259 3336 Ascanii.
1292 3274 1469 3355 *inopinis

186 3380 326 3443 numinis
349 3400 411 3444 esse
433 3381 593 3460 deceptum.
662 3395 815 3443 emanans
838 3396 1009 3442 manniri
1038 3396 1106 3442 rna
1132 3376 1248 3465 Arnas
1267 3380 1348 3443 siout
1371 3403 1468 3463 supra

187 3484 294 3567 <226>
318 3486 463 3550 celeres
487 3486 596 3550 defer
620 3509 700 3550 mea
724 3486 830 3550 dicta
854 3509 920 3568 per
944 3509 1068 3550 auras.

260 3613 273 3661 1
294 3610 330 3662 ad
348 3626 372 3663 o.
392 3614 443 3663 351
462 3610 494 3662 in
512 3626 597 3677 marp.
618 3609 698 3677 quasi
718 3651 723 3663 .
742 3654 746 3662 .
764 3652 769 3662 .
790 3608 1010 3662 admonitionem
1032 3609 1110 3676 Τ113
1130 3626 1147 3663 a
1165 3608 1325 3664 uerisimilis
1344 3608 1396 3663 deo
1416 3609 1447 3663 F
1458 3611 1466 3665 l

188 3679 390 3733 badastrai.
411 3699 430 3733 s.
450 3697 525 3748 supr.
545 3697 714 3738 versunam
739 3698 797 3733 rem
821 3680 863 3734 bis
889 3679 960 3733 dixit
981 3680 1006 3732 T
1025 3683 1034 3750 ΙΙ
1062 3682 1226 3734 tsclolium
1251 3682 1288 3734 ad
1309 3680 1338 3733 in
1362 3683 1466 3735 somnis

190 3767 238 3803 om.
260 3750 290 3803 F
309 3751 319 3818 ΙΙ
342 3756 357 3804 8
378 3753 415 3805 ad
434 3752 566 3806 admonet
584 3769 659 3820 snpr.
678 3769 744 3805 oens.
766 3751 854 3819 prium
873 3752 1006 3810 admonet
1024 3754 1053 3805 et
1071 3754 1134 3821 post
1152 3751 1359 3822 neglegentiam
1379 3755 1467 3807 terret

191 3822 235 3890 ΤΙΙ
250 3842 387 3875 rouirnmm
405 3824 438 3874 N
454 3825 580 3888 (rvuumn
598 3826 628 3892 n)
658 3823 782 3876 Orrenda
800 3823 834 3876 H
844 3826 853 3890 ll
872 3829 887 3877 9
907 3824 1044 3892 parentis]
1064 3824 1153 3892 patris
1173 3824 1223 3893 Fll
1246 3830 1278 3877 10
1299 3826 1335 3877 ad
1353 3824 1466 3878 turbida
1494 3874 1496 3878 .

186 3909 261 3961 soopr.
281 3910 347 3948 oers.
366 3894 481 3948 turbata
498 3896 528 3949 et
546 3895 669 3949 sollicita
690 3895 715 3947 T
725 3898 734 3963 [Ι
753 3894 794 3947 ait
811 3897 923 3962 scripsi:
942 3897 992 3949 aut
1011 3895 1042 3948 F
1057 3895 1066 3964 ll
1089 3901 1121 3948 13
1142 3913 1221 3950 amor
1240 3937 1246 3949 .
1266 3939 1272 3951 .
1293 3939 1298 3948 .
1319 3896 1464 3966 admonet]

185 3982 242 4019 nou
260 3964 322 4034 ipse
342 3966 389 4018 sed
409 3966 467 4019 eins
487 3983 564 4020 amor
584 3967 626 4021 M.
660 3967 724 4019 inde
747 3984 802 4020 non
825 3968 885 4035 ipse
910 3967 958 4020 sed
977 3984 1056 4020 amor
1075 3967 1187 4020 Ascanii
1205 3967 1338 4021 admonet
1359 3968 1465 4021 Masai-

116 4040 119 4045 '
186 4037 246 4090 eins
259 4037 269 4105 ΙΙ
290 4042 321 4090 15
341 4039 378 4090 ad
397 4054 441 4090 me
460 4054 529 4102 puer
547 4037 579 4090 A.
598 4055 673 4106 supr.
693 4055 758 4090 oers.
780 4037 888 4092 seilicet
906 4038 1039 4094 admonet
1057 4039 1086 4091 et
1104 4038 1198 4092 omnia
1217 4038 1273 4092 ista
1291 4039 1327 4092 ad
1346 4038 1465 4092 necessi-

185 4109 274 4162 tatem
294 4108 435 4176 pertinent
456 4109 500 4177 ΤΙΙ
520 4116 552 4163 16
572 4109 620 4163 sed
640 4110 668 4162 et
686 4109 721 4162 ad
742 4109 792 4178 Fu
813 4117 843 4163 17
865 4111 960 4180 solyco
978 4110 1057 4163 fanes
1077 4109 1107 4162 F
1131 4110 1350 4178 soloecophanes
1368 4111 1401 4162 N
1403 4111 1470 4162 LH

186 4179 352 4234 solicofanes
373 4181 410 4232 M
426 4183 436 4248 ΙΙ
458 4185 491 4233 18
510 4180 618 4234 hermes
639 4180 706 4233 FN
730 4197 819 4234 ermes
838 4183 904 4234 LH
909 4183 945 4234 M
961 4182 971 4250 ΙΙ
996 4188 1027 4235 19
1047 4183 1084 4235 ad
1102 4181 1237 4251 interpres
1255 4198 1328 4249 supr
1350 4181 1465 4234 cerain

186 4251 321 4305 hocloco
340 4252 465 4319 nuntius,
491 4254 527 4305 od
546 4253 635 4306 testor
653 4271 679 4305 u.
700 4270 721 4305 c.
742 4269 817 4321 supr.
836 4270 901 4308 nere.
921 4257 954 4307 ut
971 4253 1156 4307 robustiorem
1179 4253 1267 4308 faeiat
1289 4253 1372 4306 fidem
1396 4252 1465 4305 dicit

185 4323 273 4376 testor
291 4325 320 4376 et
337 4322 448 4391 proprie
468 4323 538 4377 dicit
555 4325 644 4376 testor
661 4322 690 4376 id
716 4326 758 4378 est
780 4324 936 4379 iuramento
956 4325 1088 4378 confirmo
1111 4325 1138 4377 T.
1173 4327 1207 4390 cf.
1230 4325 1288 4378 Tib.
1308 4325 1437 4377 llonatns

185 4410 235 4461 pro
254 4393 364 4464 nuntio]
384 4394 573 4462 pronuntiatio
594 4394 644 4464 Fll
662 4401 696 4448 al
716 4394 835 4449 dimittit
853 4396 985 4449 FNLH
994 4398 1004 4466 ΙΙ
1023 4391 1056 4449 25'
1076 4415 1160 4450 ‹survi›
1180 4397 1249 4448 NH
1259 4398 1268 4464 ΙΙ
1289 4397 1338 4449 aut
1357 4412 1463 4448 mercu-

185 4464 220 4518 rii
237 4465 271 4517 N
285 4466 295 4534 ΙΙ
315 4471 349 4518 26
368 4465 473 4534 meum]
493 4466 624 4520 anchisae
645 4466 675 4519 F
691 4469 701 4535 ΙΙ
719 4468 768 4519 aut
786 4468 890 4521 ascanii
912 4469 948 4520 M
959 4470 969 4535 ΙΙ
987 4467 1036 4521 alii
1055 4468 1154 4521 volunt
1171 4467 1283 4521 Aeneae
1302 4469 1331 4519 et
1351 4466 1462 4519 Ascanii

185 4537 283 4590 addita
300 4542 377 4602 sumt,
396 4554 430 4589 ne
449 4555 479 4590 eo
498 4539 658 4605 explicatio,
670 4556 759 4606 qnam
778 4540 856 4592 tertio
875 4541 931 4592 loro
951 4539 1061 4592 Serains
1076 4539 1208 4606 protulit,
1227 4555 1295 4606 qnae
1313 4539 1344 4590 in
1359 4537 1389 4589 F
1404 4556 1462 4590 oraro-

184 4612 245 4661 tata
263 4612 314 4674 est,
334 4610 506 4661 omitteretur.
522 4612 531 4678 l
545 4608 676 4678 imaginis
759 4609 905 4678 deceptum
927 4611 1082 4664 Masoicins
1100 4610 1214 4662 seclusit.
1248 4625 1294 4675 epo
1314 4614 1375 4661 ante
1394 4609 1461 4662 ima·

184 4677 258 4745 ginis
287 4680 415 4733 lacunam
442 4682 571 4734 indicavi.
610 4682 717 4734 uidetur
745 4686 833 4734 antem
859 4683 1015 4735 scholiastes
1039 4683 1103 4734 laec
1129 4682 1185 4746 scre
1212 4680 1350 4747 scripsisse
1378 4682 1462 4747 atqua

186 4749 287 4804 ‘testor
300 4752 449 4819 utrumque
462 4752 557 4820 caput’
574 4751 653 4818 dixit,
668 4769 702 4805 ne
718 4753 864 4820 putaretur
879 4771 942 4806 eum
956 4752 1079 4822 imagine
1092 4750 1213 4804 numinis
1230 4767 1289 4804 esse
1305 4751 1461 4820 deceptum.

184 4822 219 4887 cf.
243 4821 398 4875 Turonense
416 4825 546 4877 scholium
565 4825 601 4878 ad
620 4823 701 4877 hausi
719 4840 742 4877 a.
762 4829 813 4877 359
833 4829 857 4876 et
878 4824 937 4878 Tib.
958 4823 1110 4891 Donatnsll
1129 4828 1162 4875 27
1182 4841 1290 4876 carmus
1310 4822 1336 4874 L
1350 4824 1359 4892 ll
1378 4839 1463 4892 supra

184 4908 234 4946 om.
253 4892 287 4946 Ν
288 4893 353 4946 LH
369 4894 443 4963 (add.
463 4896 511 4965 1)ss
531 4902 565 4950 28
585 4897 614 4950 et
633 4896 735 4950 celeres
755 4894 785 4947 F
