3396 5422
252 379 391 436 LXXVIII
783 380 996 436 PRAEFATIO.

251 548 417 610 exaratum
442 568 511 610 esse
535 545 686 611 dixerunt
709 568 780 610 cum
800 546 945 610 carmina
958 544 1135 609 Hlothario
1150 544 1340 629 imperatori
1355 549 1388 610 et
1406 545 1532 611 Tadoni

250 650 542 716 Mediolanensium
567 652 718 736 episcopo
741 653 900 736 inscripta
929 656 999 717 tum
1029 651 1088 715 illa
1111 651 1325 736 neglexerunt
1354 676 1436 738 quae
1459 651 1531 717 Ser·

250 757 346 824 viano
378 759 628 824 1111111139
662 756 706 844 (p.
731 760 787 843 28,
813 761 829 822 l
851 755 934 845 sqq.)
966 758 1091 823 scholio
1124 757 1164 821 ab
1197 758 1310 822 eodem
1343 759 1398 841 qui
1429 757 1532 824 Servii

251 864 352 930 verba
376 866 507 949 scripsit
529 866 564 930 in
587 865 734 950 margine
758 865 907 949 adposita
927 867 1003 929 sunt
1020 869 1126 929 contro
1142 865 1383 948 poddisealeum:
1409 866 1533 931 scilicet

253 971 517 1037 Gotteschalcum
548 974 755 1057 monachum,
787 973 843 1058 qui
872 974 978 1038 medio
1002 973 1070 1067 tere
1100 994 1186 1037 nono
1218 973 1347 1037 saeculo
1378 973 1417 1037 de
1440 996 1532 1056 prae-

253 1079 471 1144 destinatione
496 1084 529 1144 et
551 1081 655 1146 libero
675 1081 810 1145 arbitrio
825 1081 867 1144 ab
892 1080 1046 1145 ecclesiae
1065 1079 1212 1144 doctrina
1231 1079 1442 1144 abhorrentia
1460 1103 1532 1164 pro-

252 1186 342 1270 tulit,
365 1187 569 1272 grammatici
594 1189 757 1252 sententia
784 1188 891 1252 refelli
914 1210 1010 1271 posse
1038 1187 1166 1271 putavit
1194 1186 1357 1250 librarius.
1398 1185 1451 1250 hic
1474 1187 1533 1270 igi·

252 1295 306 1356 tur
329 1293 428 1358 codex
452 1294 506 1359 fol.
531 1294 662 1360 2-138
687 1293 790 1359 Servii
819 1294 854 1358 in
876 1295 1037 1378 bucolica,
1066 1293 1232 1379 georgica,
1255 1291 1407 1358 Aeneidis
1431 1294 1532 1359 libros

253 1421 308 1464 sex
327 1400 452 1485 priores
477 1403 509 1464 et
532 1401 663 1485 septimi
681 1425 709 1467 v.
731 1402 839 1466 1-16
860 1399 1005 1488 (percitus
1026 1402 1212 1465 irascentem
1232 1400 1353 1465 bonum
1375 1422 1446 1465 sero
1477 1401 1532 1466 sab

253 1511 338 1570 nocte
366 1508 458 1589 quast
484 1504 531 1593 eo)
558 1508 807 1574 commentarios
838 1507 982 1592 exhibet,
1013 1507 1131 1591 quibus
1161 1508 1241 1572 haec
1271 1508 1428 1592 inscripta
1458 1511 1534 1572 sunt

254 1615 373 1696 Incipit
393 1617 539 1698 expositio
562 1615 663 1699 Serpit
682 1617 881 1706 promptuari
908 1617 943 1680 ia
967 1616 1117 1680 boeotieoa
1139 1618 1168 1678 et
1188 1616 1224 1678 in
1258 1615 1351 1680 libros
1374 1615 1533 1699 peorpicon

255 1725 344 1802 utque
375 1723 552 1788 aeneadum
600 1744 796 1807 quamquam
828 1723 910 1787 liber
943 1727 976 1787 et
1008 1721 1220 1806 neglegenter
1251 1722 1390 1804 scriptus
1421 1725 1471 1786 est
1501 1725 1534 1785 et

256 1825 360 1892 Servii
391 1829 515 1894 scholia
543 1829 638 1894 valde
671 1830 840 1895 decurtata
867 1830 1015 1914 praebet,
1046 1831 1169 1911 tamen,
1198 1849 1239 1892 nc
1269 1827 1532 1912 antiquissimum

255 1936 374 1999 testem
396 1936 578 2021 neglexisse
609 1956 763 2020 arguerer
791 1940 824 2000 et
852 1939 889 2000 ut
919 1935 1103 2019 exemplum
1131 1933 1279 1998 Serviani
1310 1936 1534 1999 commentarii

255 2041 290 2105 in
313 2043 445 2108 brevius
469 2043 628 2108 contracti
655 2042 876 2127 exhiberetur,
904 2041 944 2106 ad
967 2042 1109 2125 primum
1133 2039 1286 2105 Aeneidis
1314 2041 1435 2106 librum
1465 2042 1533 2107 eius

256 2149 446 2214 testimonia
470 2149 635 2232 adscripsi.

345 2255 397 2320 Ad
420 2255 595 2320 Bernensis
619 2258 758 2320 aetatem
785 2256 931 2339 proxime
961 2254 1085 2319 accedit
1107 2251 1436 2319 Carolirnhensis
1462 2255 1534 2339 186,

257 2363 312 2447 qui
337 2363 406 2447 ipse
431 2384 557 2446 quoque
580 2363 615 2426 in
639 2363 836 2427 membranis
856 2363 980 2429 formae
995 2360 1171 2446 quadratae
1184 2383 1271 2426 nono
1287 2362 1416 2427 saeculo
1436 2363 1534 2447 scrip·

256 2473 309 2533 tus
340 2472 398 2533 est.
444 2468 730 2535 Reichenaviensis
761 2470 951 2535 monasterii
984 2492 1056 2534 enm
1089 2468 1168 2533 olim
1199 2467 1299 2533 fuisse
1330 2468 1455 2534 duabus
1487 2470 1534 2533 in·

257 2576 489 2660 scriptionibus
513 2576 683 2660 probatur,
712 2599 794 2660 quae
818 2578 852 2640 in
875 2578 999 2660 primae
1022 2577 1161 2661 paginae
1189 2575 1337 2659 margine
1365 2576 1533 2641 inveniun-

256 2684 323 2744 tur:
347 2682 464 2766 altera,
488 2681 567 2745 satis
584 2682 731 2766 antiqua,
754 2683 834 2747 haec
851 2686 901 2746 est
919 2683 994 2747 leber
1012 2683 1102 2765 copie
1119 2681 1258 2765 materh,
1283 2683 1404 2766 altera,
1426 2706 1534 2747 recen-

257 2788 322 2852 tior
345 2788 463 2867 multo,
487 2786 566 2852 haec
590 2789 780 2854 Monasterit
802 2790 925 2873 Accptae
947 2789 1075 2853 Divitis.
1116 2787 1218 2851 habet
1241 2787 1340 2852 codex
1365 2789 1535 2873 sexaginta

258 2898 411 2978 quattuor
434 2895 527 2978 folia,
550 2917 567 2959 e
591 2896 708 2979 quibus
725 2897 830 2960 1-41
848 2897 888 2962 ad
907 2896 1060 2982 georgica
1078 2895 1255 2979 pertinent,
1278 2916 1359 2978 quae
1382 2895 1535 2960 hocloco

256 3023 322 3065 non
346 3022 435 3064 curo:
459 2999 593 3084 reliquis
617 3001 652 3064 in
674 3000 756 3066 Aen.
775 3001 831 3065 14
850 2999 946 3087 (circo
969 3003 1107 3066 troianos
1124 3002 1287 3066 afficientes
1310 3003 1393 3083 quod
1411 3023 1536 3067 saevom

257 3105 538 3191 (taedastaedas)
561 3130 662 3191 usque
687 3108 728 3195 ad
749 3132 778 3174 v.
803 3109 867 3173 338
884 3107 931 3193 (bi
952 3110 1006 3191 qui
1028 3110 1065 3173 de
1091 3108 1229 3173 chalcide
1246 3114 1393 3174 reumont
1413 3111 1537 3174 deitate

257 3211 387 3298 othelee)
421 3215 672 3279 commentarius
706 3215 906 3300 continetur,
942 3216 982 3280 ab
1017 3237 1081 3279 uno
1120 3215 1253 3279 homine
1286 3216 1439 3301 scriptus,
1454 3216 1536 3286 nisi

258 3319 344 3403 quod
377 3321 606 3403 septemdecim
628 3321 768 3406 paginae
793 3322 835 3386 83
872 3342 983 3385 versus
1015 3321 1055 3385 ab
1085 3321 1262 3386 exercitato
1295 3322 1428 3387 librario
1462 3345 1535 3388 exa·

258 3426 322 3491 rati
347 3431 440 3511 sunt,
463 3427 603 3493 fortasse
630 3436 667 3492 ut
690 3429 718 3493 is
748 3429 799 3492 cui
827 3427 952 3512 reliqua
979 3427 1190 3492 describenda
1218 3432 1325 3493 essent
1354 3431 1535 3514 exemplum

258 3532 394 3598 haberet
423 3534 507 3617 quod
538 3535 729 3601 imitaretur.
779 3537 909 3620 singula
937 3535 1060 3600 scholia
1090 3585 1096 3598 .
1121 3559 1177 3618 .,.;
1206 3535 1307 3619 signis
1335 3537 1536 3620 interpositis

258 3641 343 3705 inter
368 3663 402 3706 se
425 3640 581 3706 distincta
605 3646 688 3707 sunt.
732 3642 872 3707 correxit
891 3643 1033 3707 codicem
1052 3642 1150 3706 homo
1171 3641 1305 3707 librario
1330 3642 1397 3707 fere
1421 3665 1535 3729 aequa·
1622 3678 1626 3689 ·

259 3746 312 3810 lis:
346 3769 422 3811 nam
454 3747 519 3811 nisi
550 3750 661 3830 paucis
694 3749 774 3814 locis
807 3771 873 3814 non
906 3748 973 3814 vidi
1006 3771 1025 3812 a
1057 3750 1235 3813 recentiore
1268 3770 1367 3813 manu
1393 3750 1536 3834 priorem

260 3854 455 3936 scripturam
484 3855 688 3919 emendatam
717 3877 796 3920 esse.
842 3877 1038 3939 quamquam
1070 3855 1224 3919 librarius
1253 3855 1360 3920 officio
1385 3877 1443 3920 suo
1471 3878 1537 3920 non

260 3963 310 4023 est
324 3959 499 4045 diligenter
518 3961 648 4025 functus
664 3965 697 4025 et
711 3964 817 4028 multa
831 3962 982 4027 mendose
1002 3962 1142 4046 scripsit,
1158 3963 1269 4047 magni
1287 3965 1399 4026 tamen
1419 3967 1469 4027 est
1482 3963 1536 4026 hic

259 4068 345 4131 liber
359 4067 595 4149 aestimandus,
619 4068 736 4151 quippe
756 4068 846 4133 cuius
861 4069 1025 4152 exemplar
1049 4070 1078 4133 ei
1100 4068 1183 4133 libro
1209 4068 1412 4132 simillimum
1436 4069 1536 4132 fuisse

259 4174 406 4238 videatur
435 4197 451 4238 e
481 4197 544 4259 quo
568 4173 724 4257 plenioris
752 4175 976 4239 commentarii
1005 4179 1118 4240 auctor
1146 4175 1301 4241 Seruiana
1330 4176 1456 4260 petivit.
1497 4175 1537 4240 cf.

260 4281 368 4346 adnot.
393 4281 462 4346 crit.
488 4282 527 4346 ad
552 4302 626 4366 pag.
652 4282 706 4366 19,
731 4283 786 4365 17,
816 4283 872 4365 20,
896 4284 931 4367 2,
960 4283 1019 4366 21,
1042 4284 1077 4366 4,
1107 4284 1164 4366 23,
1191 4284 1243 4367 11,
1275 4283 1332 4364 24,
1358 4283 1390 4365 1,
1419 4282 1478 4364 26,
1501 4282 1537 4364 4,

260 4389 312 4470 29,
335 4389 370 4472 3,
393 4389 445 4472 63,
472 4390 529 4472 14,
554 4389 605 4472 69,
621 4389 650 4453 6.
688 4393 829 4453 ceterum
849 4370 929 4454 folia
947 4411 1014 4454 non
1037 4384 1128 4454 nulla
1147 4411 1258 4454 umore
1283 4391 1435 4471 corrupta
1454 4392 1538 4471 sunt,

260 4498 297 4558 ut
321 4517 403 4579 quae
427 4495 462 4559 in
484 4494 692 4559 inferioribus
720 4495 869 4579 partibus
894 4495 1015 4580 scripta
1038 4500 1130 4561 erant
1153 4497 1273 4580 partim
1298 4495 1497 4560 evanuerint.

476 4662 583 4732 Collige
603 4660 794 4731 scottigenas,
814 4663 987 4732 speculator,
1008 4663 1109 4732 collige
1129 4663 1245 4732 sophos,

474 4743 513 4797 Te
533 4743 611 4811 legat
629 4741 826 4810 Omnipotens:
845 4742 949 4814 collige
968 4742 1154 4812 Scottigenas.

260 4821 320 4892 ipse
340 4821 446 4876 dehoc
466 4823 538 4877 libro
559 4823 699 4893 copiosius
718 4820 777 4875 dixi
795 4821 824 4876 in
843 4824 1049 4892 programmate
1068 4821 1276 4891 Nnmburgensi
1296 4822 1363 4876 anni
1383 4829 1460 4878 1856.
