3390 5414
270 379 336 442 494
847 377 968 435 SERVII

268 543 358 608 illum
387 563 441 608 uec
471 543 637 626 Tyriorum
660 543 809 626 pudebat,
838 544 1007 608 videntium
1036 544 1128 628 tetro,
1157 564 1212 609 uec
1233 540 1379 630 Julrcrum
1402 547 1550 628 peritiam,

266 671 344 732 quac
365 651 540 716 nudabunt.
585 672 654 735 erpo
677 650 797 732 ‘famu'
820 653 900 716 deest
920 652 1012 716 mulo.

357 759 428 823 171.
465 776 671 822 mnomArva
700 761 838 824 exercet:
872 758 918 823 sic
941 757 1099 823 Horatius
1129 761 1166 823 et
1197 758 1399 824 horridam
1429 760 1549 825 cultis

265 863 450 929 diluviem
478 865 693 930 meditatur
722 865 838 949 agris.
886 886 945 928 nec
971 865 1148 950 incongrue
1179 865 1314 930 dictum:
1343 870 1433 931 actus
1462 867 1570 930 enim'

230 981 245 1029 o
267 974 316 1034 est
338 970 373 1035 in
400 971 474 1056 ipsa
501 971 726 1036 meditatione:
753 993 830 1035 nam
860 971 1049 1036 exercitium
1077 975 1129 1036 est
1156 972 1338 1038 meditatio.
1384 974 1549 1038 sciendum

263 1079 373 1142 tamen
386 1083 441 1143 ‘est
461 1078 557 1143 hodie
580 1077 641 1143 hoc
663 1079 698 1142 in
720 1101 781 1142 usu
803 1100 869 1143 non
893 1100 972 1144 esse.

355 1186 427 1251 172.
464 1211 630 1252 ramrrxrr
651 1187 810 1269 praeapte.
901 1202 1041 1252 OVLPAM
1070 1189 1109 1250 ut
1138 1209 1235 1271 supra
1264 1186 1350 1272 <19>
1379 1209 1551 1252 succum·

265 1290 355 1356 bere
378 1292 529 1377 culpae.

358 1401 429 1464 174.
465 1417 560 1464 FAMA
583 1417 707 1464 MAuvu
730 1399 877 1464 definitio
901 1403 965 1484 est,
988 1404 1026 1464 ut
1045 1398 1142 1483 ‘quo’
1171 1422 1209 1464 ex
1237 1401 1444 1484 praecedenti
1471 1422 1547 1486 pen·

214 1517 247 1568 10
265 1503 341 1569 deat
362 1506 508 1570 nomine:
532 1527 729 1590 quamquam
748 1506 805 1571 alii
826 1505 921 1590 ‘qua’
945 1507 1065 1592 legant.
1102 1528 1180 1572 sane
1200 1506 1299 1591 ‘quo'
1318 1509 1382 1573 nisi
1401 1508 1548 1574 definitio

266 1611 318 1696 sit,
340 1613 406 1697 legi
429 1635 495 1678 non
516 1616 641 1698 potest3
664 1635 723 1678 nec
742 1613 828 1678 enim
847 1613 1002 1699 procedit,
1020 1618 1058 1679 ut
1077 1614 1156 1680 ordo
1176 1614 1220 1679 sit
1243 1613 1374 1701 ‘Fama,
1398 1639 1461 1700 quo
1480 1638 1548 1680 non

266 1718 354 1784 aliud
377 1720 501 1784 malum
523 1725 568 1785 est
590 1718 759 1785 velocius’.

356 1826 427 1892 175.
463 1843 679 1893 110111111111
704 1845 811 1892 111111
830 1827 886 1893 dat
906 1828 936 1892 ei
955 1831 1212 1913 σωματοποιΐαν.
1250 1836 1284 1896 et
1302 1830 1415 1896 laudat
1433 1854 1453 1896 a
1471 1853 1546 1895 con-

264 1934 381 1998 trario:
405 1956 477 1999 cum
502 1934 587 1999 enim
612 1934 721 2000 omnia
739 1936 851 2000 labore
871 1935 1066 2021 minuantur,
1085 1936 1165 2002 haec
1183 1939 1306 2002 crescit.
1342 1959 1417 2004 saue
1440 1937 1545 2021 ‘oipct’

214 2055 247 2104 11
266 2042 394 2123 quidum
411 2062 473 2124 pro
494 2042 617 2125 oc'pesctt
638 2041 801 2124 accopulat.

356 2148 428 2212 176.
464 2173 548 2214 narr
567 2173 655 2214 narro
677 2168 741 2214 acu
768 2147 883 2231 ‘primo
911 2148 1018 2228 metu',
1049 2151 1102 2215 sed
1134 2149 1316 2233 ‘primum',
1334 2150 1430 2234 'quod
1455 2153 1546 2218 tuitio

265 2255 385 2320 coactius
408 2255 559 2338 loquatur,
581 2254 617 2319 id
637 2258 682 2320 est
701 2255 737 2320 iu
753 2257 927 2339 principio:
950 2277 1019 2321 cum
1041 2258 1123 2322 cutm
1145 2259 1215 2340 quis
1237 2264 1364 2344 veretur,
1381 2281 1420 2324 uc
1437 2265 1544 2325 auctor

264 2362 318 2441 sc,
341 2363 422 2444 quod
442 2363 531 2427 cudit
552 2363 699 2440 couticct;
722 2368 757 2428 ct
772 2364 826 2429 tor
843 2365 885 2429 sit
901 2365 1072 2450 culpatum,
1088 2367 1212 2448 possim
1235 2365 1377 2448 loquitur.
1412 2369 1544 2432 amodo

266 2467 397 2552 ‘primo’
420 2470 598 2553 adveutum
620 2474 675 2553 est,
707 2490 771 2535 corr
801 2491 919 2536 cornea
1017 2489 1192 2537 Aaronom
1216 2490 1254 2538 11
1276 2489 1388 2538 AvaAs
1413 2479 1543 2557 sumpta

212 2593 246 2642 20
264 2576 405 2662 licentia,
428 2598 510 2662 quae
534 2577 740 2642 minuebatur
762 2576 887 2643 timore.

356 2687 427 2750 177.
464 2702 752 2762 rueranrnvaova
780 2701 869 2750 sono
899 2703 945 2748 nr
979 2703 1090 2751 cArvr
1119 2704 1225 2751 runca
1253 2704 1384 2751 nvarnx
1412 2703 1544 2751 conum
1576 2724 1589 2739 «-

264 2791 327 2857 hoc
349 2791 420 2856 vult
443 2792 623 2875 ostendere,
646 2812 706 2856 nec
728 2791 845 2855 humili
869 2813 940 2856 eam
963 2791 1114 2858 fortunae
1132 2815 1278 2879 parcere,
1300 2815 1359 2858 neo
1379 2793 1544 2876 superiori.

264 2899 310 2964 cel
332 2900 407 2980 quia
428 2899 533 2979 fomuc
555 2900 689 2964 incertus
711 2903 826 2964 auctor.

356 3006 428 3071 178.
465 3023 577 3071 11111111
599 3023 735 3071 calcares
758 2994 909 3091 generale
932 3011 995 3071 est:
1017 3028 1135 3091 parens
1149 3028 1256 3072 rerum
1271 3007 1424 3073 omnium.
1486 3025 1545 3072 IRA

212 3129 433 3177 romulum
465 3128 611 3178 onoavn
647 3112 865 3198 amphibolon·
895 3117 958 3197 est,
994 3117 1105 3179 utrum
1142 3136 1200 3180 sua
1238 3114 1288 3179 ira
1319 3117 1453 3199 propter
1492 3136 1544 3178 ex-

265 3219 385 3285 tinctos
408 3220 572 3305 gigantas,
601 3243 643 3284 an
672 3219 735 3285 ‘ira
762 3221 895 3285 deorum
923 3219 1086 3304 inritata',
1113 3243 1195 3305 quae
1225 3222 1406 3287 extinxerat
1433 3222 1545 3307 gigan·

264 3330 325 3400 tas.
374 3327 420 3393 vel
448 3327 513 3393 ideo
544 3325 610 3394 ‘irc
641 3326 793 3412 deoncm',
823 3329 904 3410 quod
934 3328 969 3392 in
998 3348 1067 3392 eom
1087 3327 1225 3409 fulmina
1254 3332 1283 3392 ct
1310 3329 1479 3411 praedices
1509 3330 1545 3393 de

264 3434 346 3500 caclo
369 3436 490 3500 cadunt.

356 3541 428 3607 179.
465 3560 659 3607 caranum
682 3545 739 3608 aut
760 3544 837 3627 post
860 3563 971 3606 omnes
999 3541 1166 3627 gigantas,
1196 3542 1314 3626 quippe
1343 3542 1383 3607 ad
1412 3543 1544 3607 deorum

336 3742 352 3788 3
366 3734 511 3806 Horatius]
531 3753 615 3793 carm.
630 3736 669 3790 lV
684 3741 772 3802 1117
794 3735 1027 3804 ‘horrendamque
1042 3735 1125 3790 cultis
1139 3734 1273 3791 diluviem
1289 3735 1441 3790 meditatur
1455 3735 1541 3805 agris'

336 3914 409 3967 tad
427 3912 538 3968 famave
556 3930 631 3985 supr.
649 3929 716 3968 cers.
736 3912 844 3968 scilicet
865 3913 942 3967 mala
962 3916 995 3968 ut
1017 3913 1200 3984 intellegatur
1222 3911 1340 3967 infamia
1361 3913 1412 3983 Τ1
1435 3919 1451 3966 3
1470 3913 1543 3967 hori-

265 3984 331 4038 dam
349 3984 382 4037 N
392 3985 432 4054 14
451 3985 585 4039 dilubiem
599 3985 632 4038 Η
643 3987 652 4054 11
666 3991 682 4039 1
695 4002 762 4039 narn
777 4026 783 4038 .
796 4025 819 4038 ..
834 3984 981 4039 meditatio
1000 4001 1050 4040 om.
1066 3985 1117 4056 Fu
1131 3984 1292 4039 exercitium
1307 4002 1340 4038 erc
1354 3983 1506 4039 exercitum
1517 3984 1543 4036 L

266 4055 421 4110 exertidom
440 4055 475 4109 H
493 4057 503 4125 l
526 4063 540 4110 7
561 4058 598 4110 ad
616 4055 756 4125 praetexit
773 4072 849 4125 supr.
868 4071 934 4110 cero.
954 4056 1122 4125 obpalliauit
1143 4057 1167 4109 Τ
1188 4058 1198 4125 1
1223 4062 1238 4108 9
1258 4075 1348 4109 xxxva
1366 4075 1418 4116 ovo
1435 4056 1516 4124 culpo
1534 4055 1543 4126 11

265 4126 388 4196 pendeat
405 4144 456 4181 om.
468 4127 502 4180 M
516 4130 526 4196 1
542 4134 573 4181 11
594 4127 680 4208 enim]
702 4126 771 4181 alibi
788 4143 864 4195 supr.
878 4143 945 4180 cera
961 4128 1025 4182 add.
1041 4129 1121 4198 7113
1140 4127 1202 4198 dat]
1222 4126 1292 4180 dicit
1308 4127 1402 4196 111θί
1420 4145 1541 4195 σωματο·

265 4197 362 4252 nortae
378 4197 420 4252 F:
439 4197 466 4252 ei
484 4201 615 4253 onomato
634 4215 719 4267 peran
731 4197 765 4252 N
767 4198 836 4251 LM
860 4197 899 4251 eis
918 4199 1115 4268 onomatopeia
1130 4198 1191 4252 Hm
1204 4199 1214 4268 1
1227 4197 1256 4268 a]
1277 4215 1291 4252 e
1305 4198 1331 4251 L
1344 4200 1354 4267 1
1369 4205 1402 4251 14
1416 4199 1454 4252 od
1466 4196 1545 4266 viget

265 4285 340 4338 supr.
365 4285 430 4324 ocra.
455 4268 575 4338 rigescit
595 4269 620 4322 T
640 4270 650 4339 1
678 4275 711 4323 16
729 4286 805 4338 supr.
824 4285 891 4324 cers.
911 4275 963 4324 176
990 4269 1058 4337 quia
1080 4269 1110 4324 in
1132 4269 1270 4339 principio
1294 4269 1402 4323 cautius
1420 4269 1544 4336 loquitm

266 4357 329 4394 cum
348 4339 408 4410 agit
427 4340 461 4394 de
480 4339 635 4409 potioribus
655 4347 679 4394 et
697 4357 762 4395 mox
779 4340 808 4394 id
827 4341 872 4394 est
890 4342 1002 4409 sumpto
1023 4340 1139 4395 licentia
1157 4347 1181 4394 ct
1200 4357 1263 4394 cum
1287 4340 1360 4394 enirn
1384 4339 1446 4407 quis
1465 4354 1542 4393 uere-

265 4413 312 4466 tur
329 4429 364 4466 ne
384 4413 482 4465 auctor
501 4411 539 4465 sit
557 4412 632 4480 quod
654 4412 733 4465 audit
751 4411 877 4466 continet
900 4413 931 4465 at
952 4411 1002 4465 ubi
1024 4412 1060 4466 ait
1078 4412 1226 4482 uulgatum
1243 4411 1348 4479 passim
1367 4410 1490 4477 loquitur
1511 4410 1541 4464 Τ.

266 4499 285 4537 a
303 4483 418 4538 diversis
435 4483 576 4548 munitus,
599 4487 629 4536 ut
646 4484 762 4549 videtur,
780 4485 845 4536 hoec
862 4483 966 4536 scholia
984 4485 1089 4553 scriptu
1106 4488 1179 4537 suut.
1197 4483 1229 4534 in
1247 4483 1369 4550 marytre
1387 4482 1433 4535 hic
1451 4481 1542 4550 primo

265 4553 431 4608 aduerbium
449 4556 459 4624 1
479 4561 510 4608 17
530 4570 565 4607 ne
583 4553 706 4607 auctoris
724 4553 761 4608 sit
779 4554 831 4624 Fl
851 4560 883 4607 19
902 4555 1026 4624 sumpta]
1047 4570 1131 4623 supra
1149 4552 1205 4620 Fu
1223 4558 1254 4605 21
1276 4554 1313 4605 ad
1331 4553 1417 4620 eaput
1434 4551 1452 4604 i.
1471 4570 1497 4605 n.
1518 4569 1541 4605 c.

266 4640 342 4692 supr.
361 4642 427 4679 cers.
446 4624 580 4680 uidelicet
597 4625 664 4693 quia
681 4624 804 4679 incertus
824 4628 867 4678 est
885 4627 984 4679 auctor
1004 4627 1029 4678 T
1041 4628 1051 4693 1
1064 4631 1099 4678 24
1117 4641 1209 4678 rerum
1227 4622 1352 4676 omnium
1369 4638 1470 4689 parens
1489 4622 1521 4675 F
1533 4624 1543 4693 11

265 4699 300 4748 26
320 4711 375 4762 qua
388 4695 494 4750 LHM
510 4697 628 4765 (quael)
647 4695 713 4764 quia
726 4697 807 4765 culpo
820 4697 830 4764 1
843 4702 877 4750 27
892 4697 930 4750 ad
946 4695 990 4750 ira
1007 4696 1123 4749 inritata
1141 4695 1167 4748 d.
1181 4710 1256 4762 supr.
1271 4709 1337 4746 cers.
1357 4695 1471 4761 propter
1488 4691 1541 4746 ful·

265 4763 343 4818 mina
360 4765 490 4891 mlipsffl
511 4770 521 4837 1
548 4773 582 4822 29
601 4766 705 4838 quippe
728 4767 765 4820 ad
783 4766 911 4839 deorum]
936 4767 1036 4835 uideo
1055 4767 1091 4820 ad
1109 4766 1224 4820 deorum
1243 4763 1274 4816 F
1293 4765 1303 4832 1
1330 4763 1445 4817 deorum
1463 4764 1540 4816 FH:

266 4850 361 4890 eorum
