3390 5414
508 374 621 431 001111.
639 377 680 430 ΙΝ
697 376 807 431 VERG.
826 375 909 430 AEN.
929 376 975 432 lv.
997 381 1146 432 rur-182.
1397 377 1462 441 491

182 538 340 603 ultionem
362 541 453 603 nata:
477 560 552 604 nam
567 561 627 623 per
649 542 750 624 msam
768 562 872 605 eorum
890 541 1025 605 crimina
1042 542 1170 623 vulpina
1187 546 1275 607 sunt:
1300 546 1357 606 aut
1381 545 1466 606 certe

184 644 361 710 ‘extrema’
384 647 540 729 pessima:
570 670 680 712 omnes
705 649 804 732 enim,
834 649 889 732 qui
918 648 956 712 de
985 648 1143 713 medicina
1170 651 1326 732 tractant,
1356 649 1466 713 dicunt

182 753 331 817 naturale
356 774 435 838 esse,
459 758 497 818 ut
519 754 702 819 inutiliores
722 754 788 819 sint
810 754 866 838 qui
883 757 1060 818 nascuntur
1077 754 1196 819 ultimi.
1237 755 1374 819 Famam
1397 776 1466 838 erpo

182 861 303 924 inducit
328 861 428 925 celtum
456 881 517 926 esse
543 861 671 946 fratres,
697 864 773 944 quia
800 862 870 944 11666
897 863 1023 926 deorum
1050 862 1160 927 delicta
1186 862 1330 945 66196611.
1420 881 1465 926 vr

182 985 381 1032 Pnnmnnnr
414 967 700 1053 quotienscumque
732 967 919 1033 fabulosum
951 968 1075 1052 aliquid
1108 969 1202 1053 dicit,
1235 969 1319 1034 solet
1346 968 1500 1035 inferret

183 1072 287 1139 ‘fama
310 1075 385 1139 est'.
431 1076 512 1139 mire
536 1095 613 1160 ergo
637 1075 741 1159 modo,
765 1097 838 1139 cum
862 1074 901 1138 de
925 1074 997 1157 ipsa
1019 1073 1108 1138 fama
1127 1076 1323 1160 loqueretur,
1347 1076 1394 1139 ait
1418 1075 1466 1141 ‘ut

182 1181 378 1266 perhibent’.
475 1206 544 1246 cono
567 1206 778 1254 nncnnrnoorn
802 1181 857 1246 isti
875 1183 1016 1264 paunus
1036 1181 1166 1262 fuerunt
1190 1184 1272 1247 inter
1298 1183 1389 1267 61166,
1412 1185 1467 1266 prii

182 1289 287 1353 locem
309 1288 506 1371 superpositis
528 1288 682 1353 montibus
704 1309 796 1370 repno
819 1289 941 1354 caelesti
962 1290 1121 1354 detrudere
1141 1291 1258 1374 conati,
1279 1291 1467 1370 fulminibus

182 1402 257 1460 sunt
277 1396 374 1460 deleti.
410 1401 440 1461 et
457 1396 527 1460 bene
545 1396 632 1478 clepit
644 1415 681 1459 en
697 1394 850 1475 fratribus
873 1397 1040 1474 mammos,
1062 1417 1099 1461 en
1115 1396 1226 1478 quibus
1243 1398 1466 1464 aestimaretur.

272 1504 343 1568 180.
379 1521 526 1569 Pnnrnvs
556 1520 721 1568 66666666
753 1520 798 1566 nr
827 1519 1032 1568 Pnnnrernvs
1060 1520 1139 1567 ams
1168 1505 1328 1568 convertit
1356 1527 1462 1571 rerum
1484 1519 1518 1567 10

183 1611 338 1693 epitheta:
363 1633 440 1675 nam
460 1609 606 1695 ‘pernix'
629 1610 748 1695 pedum
772 1614 835 1693 est,
854 1613 891 1673 ut
909 1608 976 1692 <XI
997 1610 1082 1693 718>
1105 1610 1327 1693 pernicibus
1351 1612 1465 1697 ignea

167 1717 344 1802 plantis,
377 1718 525 1783 celeritas
558 1740 739 1803 pennarum
772 1720 835 1801 est,
863 1719 901 1780 ut
927 1715 997 1799 <111
1026 1716 1112 1799 243>
1144 1716 1338 1801 celerique
1371 1719 1464 1805 fuga

183 1824 250 1887 sub
279 1825 408 1889 sidera
437 1825 578 1908 lapsae.
628 1830 685 1889 niet
706 1829 782 1889 certe
808 1823 935 1887 intentio
967 1822 1159 1888 describentis
1190 1828 1249 1888 est:
1276 1845 1465 1907 superuacua

182 1931 264 1995 enim
286 1935 331 1996 est
351 1931 562 1997 6166161661Ι
578 1933 694 2014 palum
710 1931 899 2014 pernicitas:
927 1934 984 1994 aut
1004 1930 1049 1994 sic
1071 1930 1208 2013 intellepe
1231 1929 1371 2013 ‘pedibus
1393 1934 1463 1998 celc-

182 2059 246 2102 rem
269 2042 298 2103 et
319 2039 380 2103 alis
401 2039 572 2105 uelocibus?
1483 2053 1516 2102 15

273 2146 344 2210 181.
381 2171 543 2212 uonsrsru
563 2147 633 2211 bene
654 2146 840 2229 vituperavit
860 2146 998 2210 Famam
1021 2165 1058 2210 en
1081 2145 1283 2211 madentibus
1305 2167 1463 2248 personae,

181 2273 237 2334 per
252 2257 399 2335 parentes
421 2254 519 2319 malos
541 2259 570 2318 et
589 2255 721 2335 fratres:
744 2259 774 2317 et
793 2255 876 2336 quod
895 2273 964 2318 eam
986 2252 1139 2336 describit,
1161 2273 1224 2317 non
1246 2257 1290 2318 est
1311 2257 1463 2336 narratio,

181 2361 234 2424 secl
254 2360 488 2441 arpnmentatio.
532 2362 643 2442 quidni
666 2365 846 2438 monstrum,
869 2380 947 2442 quae
974 2359 1068 2424 buius
1094 2361 1303 2439 nummasii,
1330 2367 1366 2426 nt
1391 2369 1465 2445 quot

175 2468 312 2550 plumas,
335 2471 379 2530 tot
400 2467 509 2545 oculos,
528 2472 572 2531 tot
589 2468 721 2551 linpuas,
741 2473 784 2532 tot
801 2488 893 2532 aures
910 2471 940 2531 et
956 2466 1075 2531 mura?
1145 2484 1239 2545 ovor
1264 2483 1354 2532 svnr
1379 2486 1462 2535 con-

181 2591 272 2639 6066
296 2591 440 2638 annna
464 2595 531 2637 non
554 2574 671 2660 ipsine,
706 2574 763 2639 sed
791 2574 825 2638 in
853 2574 997 2639 omnium
1024 2573 1229 2658 corporibus:
1262 2596 1338 2638 nam
1366 2598 1462 2662 exag-
1481 2590 1515 2637 26

182 2680 307 2766 geratio
332 2685 395 2764 est,
419 2703 456 2745 ac
480 2681 512 2745 si
535 2682 655 2746 diceret
678 2681 777 2766 ‘quot
801 2685 878 2746 sunt
901 2680 1044 2745 arenae’.

272 2788 343 2853 182.
381 2805 486 2853 ocvm
510 2805 644 2853 svaran
667 2788 858 2853 adverbium
881 2791 940 2871 est,
964 2809 1001 2852 ao
1021 2787 1049 2851 si
1068 2787 1203 2852 diceret:
1226 2810 1292 2853 non
1311 2788 1371 2852 sub
1392 2790 1459 2873 plu·

181 2895 258 2979 mis,
286 2894 343 2959 sed
365 2895 425 2959 sub
453 2895 534 2979 ipsa.
579 2900 608 2960 et
638 2897 716 2960 mire
748 2893 889 2974 ‘subter’,
923 2896 1015 2977 quusi
1045 2916 1124 2977 quae
1155 2915 1218 2959 non
1248 2896 1402 2975 uideatur,
1434 2903 1463 2962 et

181 3004 286 3068 ornnia
307 3003 416 3067 rideat.
446 3004 590 3085 [reliqua]
680 3029 824 3069 ursiana
841 3027 931 3068 nrcrr
955 3003 999 3067 sic
1029 3003 1214 3068 acclamarit
1234 3009 1341 3089 poem,
1369 3007 1462 3087 quasi

180 3110 285 3174 minus
307 3110 524 3175 admirationis
545 3111 667 3176 baberet
686 3111 757 3192 ipsa
778 3109 946 3192 descriptio.
1478 3123 1512 3171 25

253 3310 284 3357 11
305 3319 370 3357 nam
388 3303 487 3373 pernix
506 3346 513 3360 .
532 3346 543 3359 ..
559 3347 565 3360 .
584 3304 692 3376 lapsae]
713 3319 800 3358 exscr.
819 3302 884 3357 Isid.
904 3319 943 3358 66.
963 3302 989 3355 X
1007 3307 1059 3357 211

254 3488 267 3535 1
287 3483 355 3536 6616
373 3483 417 3536 661
430 3481 461 3534 F
484 3482 580 3536 natam
593 3482 723 3550 11116666
744 3521 795 3537 ...
814 3481 880 3535 sunt
897 3481 984 3535 edidit
997 3480 1155 3550 Stephanus
1168 3483 1177 3550 11
1191 3480 1253 3551 ipsa
1271 3481 1302 3535 F
1312 3484 1351 3552 112
1372 3484 1459 3536 extre-

180 3571 256 3608 mam
273 3553 423 3623 pessimam
446 3555 526 3623 culpo
548 3554 558 3622 1
585 3559 601 3607 3
621 3552 680 3624 qui]
701 3551 768 3621 quia
786 3551 817 3605 F
837 3554 847 3622 11
869 3553 906 3607 ad
925 3555 1077 3607 extremam
1096 3569 1172 3622 supr.
1190 3569 1257 3607 cers.
1277 3552 1341 3608 ideo
1359 3553 1461 3608 ultima

180 3625 247 3694 quia
263 3625 325 3694 ipsa
343 3625 396 3679 deo
415 3627 474 3694 (sic)
493 3625 598 3679 delicta
617 3622 746 3694 uulgauit
763 3625 839 3694 Τ114
857 3623 962 3677 dilecta
976 3623 1007 3677 F
1017 3626 1027 3693 11
1042 3631 1259 3686 ’166666666666
1274 3624 1305 3677 F
1315 3627 1355 3695 118
1373 3642 1461 3696 regna

181 3696 212 3751 F
223 3698 232 3765 11
246 3702 262 3749 9
277 3698 306 3750 61
323 3696 394 3750 1666
415 3696 500 3766 elegit
520 3695 712 3750 Commelinus:
731 3697 760 3749 61
777 3694 902 3765 beelegit
917 3694 948 3747 F
968 3697 998 3749 61
1015 3696 1078 3750 1661
1096 3694 1168 3765 legit
1181 3696 1285 3750 Daniel
1298 3699 1308 3766 11
1321 3696 1459 3751 maximus

181 3768 232 3838 Fu
246 3767 443 3822 aestimaretur
456 3769 569 3836 scripsi:
588 3768 769 3822 estimaretur
782 3767 814 3821 F
839 3765 1045 3821 existimaretur
1065 3765 1244 3821 Oommelinus
1254 3769 1371 3835 primus.
1399 3786 1460 3823 cum

180 3840 285 3894 Daniel
298 3844 363 3908 post
381 3839 578 3894 exstimaretur
596 3842 724 3894 lammam
741 3839 902 3904 indicasset,
924 3840 986 3892 1616
1008 3837 1093 3893 16616
1115 3840 1285 3893 intercidisse
1302 3841 1344 3894 661
1366 3839 1459 3894 existi-

180 3911 323 3965 marentur
341 3927 437 3964 omnes
455 3912 627 3966 scribendum
645 3927 699 3965 esse
717 3911 830 3964 coniecit
848 3911 1043 3964 Burmannus:
1070 3911 1117 3964 sed
1135 3909 1253 3965 Famam
1273 3927 1306 3964 cn
1324 3912 1460 3978 fratribus

181 3983 321 4037 aestimari
338 3983 454 4036 66161666
467 3988 577 4051 poetam
594 3981 749 4036 scholiastes
766 3983 842 4036 dicit.
856 3984 867 4063 11
881 3988 911 4035 11
932 3980 1043 4052 pernix]
1062 3981 1213 4050 pernicitas
1232 3983 1242 4036 1
1260 3987 1285 4035 61
1305 3983 1433 4037 Iudaeus
1451 3983 1459 4053 1

182 4061 214 4108 12
229 4053 378 4123 pinnarum
389 4052 455 4106 FN
457 4054 491 4107 H
494 4054 531 4107 M
542 4056 552 4124 11
568 4061 600 4108 13
611 4055 648 4108 ud
661 4051 820 4123 pernicibus
830 4052 923 4107 absin
932 4070 1018 4122 murp.
1028 4051 1146 4107 intentio
1162 4051 1344 4108 describentis
1354 4055 1396 4108 661
1406 4054 1459 4108 hoc

180 4127 243 4181 loco
258 4124 325 4194 quia
338 4142 512 4194 superuacua
525 4126 641 4179 6616166
656 4167 662 4179 .
675 4167 681 4178 .
693 4166 699 4179 .
712 4125 856 4180 661661166
869 4124 893 4176 F
905 4127 915 4194 1
935 4131 968 4178 14
981 4124 1116 4193 intellege
1133 4125 1170 4177 T:
1187 4124 1316 4194 intellegi
1331 4124 1362 4178 F
1377 4125 1458 4180 intel-

180 4196 247 4267 ligit
262 4197 367 4250 Daniel
380 4197 490 4266 primns
503 4199 513 4266 11
529 4202 560 4250 16
580 4199 617 4251 ad
635 4197 790 4252 monstrum
808 4198 839 4251 in
853 4211 940 4264 murp.
958 4196 1030 4250 benc
1048 4194 1192 4264 uituperat
1209 4195 1315 4250 famam
1335 4213 1368 4249 ex
1387 4196 1458 4250 acci-

180 4266 311 4322 dentibus
339 4284 474 4336 personae
502 4285 552 4338 per
578 4270 709 4337 parantes
736 4268 811 4322 malo
831 4269 890 4336 (sic)
909 4283 960 4336 per
981 4265 1107 4323 fratres.
1128 4266 1387 4337 ..argumentatio
1408 4267 1459 4340 Τ11

182 4346 215 4393 17
235 4343 253 4410 ᾗ
271 4341 401 4407 parentes
419 4341 509 4394 malos
528 4339 570 4393 F:
592 4338 786 4408 praeparantis
805 4339 864 4393 6166
883 4339 988 4392 Daniel
1019 4355 1070 4407 per
1092 4342 1222 4408 parentes
1240 4338 1300 4392 alas
1320 4339 1458 4393 Commeli-

180 4427 234 4465 nus
248 4411 359 4480 primus
372 4412 381 4480 11
400 4411 546 4465 (1666611611
564 4410 595 4464 F
611 4412 620 4480 11
641 4417 675 4464 19
693 4410 790 4480 lingua
809 4409 850 4474 F,
869 4425 937 4464 corr.
957 4410 1084 4479 11661611
1102 4411 1131 4464 61
1148 4409 1253 4480 661666]
1274 4413 1403 4464 exerceat
1420 4410 1456 4466 F.

181 4483 338 4550 Soboellins,
357 4484 387 4535 61
405 4483 498 4535 cetera
515 4481 619 4536 161661
637 4498 683 4551 epo
696 4484 706 4551 11
720 4498 791 4542 oven
812 4480 879 4534 FH
888 4482 899 4550 11
919 4487 954 4535 20
973 4480 1002 4534 in
1019 4480 1108 4549 ipsius
1127 4481 1175 4550 Lll
1189 4481 1317 4535 omnibus
1337 4483 1458 4550 corpori-

180 4554 232 4608 bus
247 4554 273 4608 L
291 4555 314 4622 (1
332 4552 456 4608 omnium
475 4569 621 4621 corporum
638 4553 874 4622 6616666611121
895 4552 970 4621 quod
985 4552 1053 4606 FH
1062 4554 1072 4622 11
1086 4552 1206 4606 harenae
1224 4553 1261 4604 M
1265 4554 1287 4619 l,
1306 4569 1371 4605 nam
1390 4554 1459 4620 quot

181 4627 246 4679 sunt
265 4668 270 4679 .
287 4667 315 4679 ..
335 4641 368 4678 ac
387 4624 410 4677 61
429 4623 674 4693 (1166161111622)
692 4625 725 4676 in
742 4641 827 4693 marp.
843 4624 923 4692 11122
942 4624 1009 4694 non]
1028 4641 1094 4678 nam
1108 4623 1208 4691 Η1123
1229 4623 1280 4677 661
1298 4622 1360 4692 ipsa
1374 4623 1458 4677 FM:

182 4697 233 4751 sub
250 4697 327 4765 ipsas
344 4695 414 4749 NH
438 4695 534 4750 subter
552 4695 626 4764 ipsas
645 4696 670 4748 L
692 4697 702 4763 11
729 4700 763 4748 24
781 4694 879 4748 videat
896 4697 1008 4764 scripsi:
1025 4695 1092 4748 uide
1111 4697 1141 4749 61
1159 4694 1190 4747 F
1211 4693 1290 4748 videt
1307 4696 1336 4748 61
1354 4695 1458 4748 Daniel

183 4766 259 4821 videt
274 4767 429 4821 Mascicius
442 4770 452 4836 11
464 4766 572 4835 reliqua
590 4768 641 4821 del.
656 4766 692 4820 F.
705 4766 853 4820 Scboellius
866 4767 876 4836 1
890 4768 927 4820 ad
944 4764 1072 4821 mirabile
1091 4765 1168 4819 dictu
1185 4782 1262 4835 supr.
1280 4782 1347 4820 cers.
1367 4766 1457 4820 excla-

183 4840 244 4893 mat
261 4841 346 4908 poeta
363 4839 445 4907 quasi
462 4837 553 4892 minus
572 4837 763 4893 admirationis
781 4837 885 4892 habeat
901 4836 964 4907 ipsa
981 4836 1133 4906 descriptio
1154 4838 1180 4890 F
