3396 5422
263 368 327 423 XVI
790 369 1007 426 PRAEFATIO.

262 531 388 597 Vrbani
411 529 588 617 fuerunt¹):
612 555 694 618 quos
712 538 984 598 commentatores
1004 555 1075 598 cum
1094 533 1204 598 nescio
1224 555 1288 617 qua
1308 532 1347 598 de
1361 554 1458 598 eausa
1476 555 1541 597 non

266 641 434 709 nominare
466 640 702 734 constituisset,
739 663 849 705 eorum
881 641 1014 704 nomina
1046 663 1088 705 ne
1120 640 1206 724 apud
1229 638 1377 705 Serrium
1409 639 1540 723 quidem

263 751 372 812 extare
413 748 526 812 voluit.
595 746 724 811 eosdem
760 746 836 811 huic
872 748 1086 832 grammatico
1124 747 1373 811 commentarios
1409 751 1540 830 praesto

261 852 360 917 fuisse
389 854 506 938 quibus
534 852 664 918 Servius
691 875 769 917 usus
799 853 841 917 sit
869 850 930 917 hac
958 874 1144 937 quoquere
1168 853 1364 936 ostenditur,
1393 853 1479 937 quod
1507 853 1541 918 in

136 1021 140 1029 .
261 957 450 1024 Oassellano
478 960 602 1044 aliquot
628 957 733 1024 Servii
761 959 886 1023 scholia
914 958 1139 1043 ‘quibusdam'
1168 958 1332 1043 adscripta
1355 964 1440 1023 sunt.
1487 958 1541 1044 (cf.

261 1067 342 1131 Aen.
364 1066 380 1131 I
403 1067 481 1151 273,
507 1068 584 1150 706,
620 1065 652 1130 Il
678 1068 710 1150 7,ι
732 1066 787 1150 15,
810 1066 850 1130 51
882 1088 954 1131 cum
986 1065 1194 1130 adnotatione
1225 1066 1361 1151 critica)
1415 1067 1541 1131 scilicet

261 1172 372 1265 eadem
405 1195 487 1257 quae
519 1172 650 1238 Servius
683 1176 877 1256 exposuerat
907 1172 1062 1256 plenioris
1095 1172 1320 1237 commentarii
1352 1176 1465 1237 auctor
1499 1173 1539 1237 ab

261 1279 335 1355 aliis
372 1302 509 1362 quorum
546 1278 679 1344 scholiis
716 1280 870 1343 utebatur
907 1279 1063 1343 adnotata
1095 1278 1235 1344 videbat.
1294 1279 1419 1344 aceedit
1455 1280 1539 1363 quod

260 1386 347 1451 haud
383 1387 497 1470 paucis
529 1387 610 1451 locis
644 1407 726 1470 quae
763 1387 796 1450 in
833 1386 981 1450 breviore
1014 1386 1244 1450 commentario
1278 1386 1365 1450 dicta
1397 1391 1474 1450 sunt
1505 1386 1540 1449 in

259 1493 461 1576 plenioribus
485 1494 578 1558 libris
606 1493 769 1558 iterantur
796 1493 891 1577 idque
915 1490 963 1557 ita
985 1515 1051 1557 non
1073 1515 1234 1577 nusquam
1258 1498 1294 1557 ut
1317 1492 1391 1556 aliis
1413 1493 1539 1557 tributa

260 1599 335 1663 sint.
368 1599 407 1664 cf.
430 1599 511 1664 Aen.
534 1600 638 1664 1448
663 1598 708 1684 (p.
729 1600 801 1684 146,
828 1600 867 1663 12
887 1603 921 1663 et
942 1596 1014 1684 15),
1037 1599 1102 1662 462
1127 1594 1172 1681 (p.
1194 1600 1266 1683 149,
1293 1599 1415 1684 l2sq.).
1442 1599 1476 1663 Π
1495 1599 1537 1664 99

261 1702 275 1786 (
278 1728 308 1789 p.
323 1706 398 1790 234,
412 1707 433 1771 5
447 1712 480 1771 et
495 1703 541 1794 8),
567 1707 629 1771 126
650 1704 696 1791 (p.
711 1707 785 1790 239,
802 1707 842 1770 16
858 1705 929 1792 sq),
952 1705 1016 1770 348
1040 1702 1085 1791 (ρ.
1100 1706 1175 1789 277,
1189 1707 1210 1769 3
1225 1703 1296 1792 sq),
1320 1707 1386 1770 644
1404 1705 1450 1792 (p.
1465 1707 1539 1790 314,

262 1812 279 1875 7
305 1815 338 1876 et
362 1813 428 1898 12).
459 1813 508 1877 ΠΙ
531 1814 596 1876 466
620 1809 664 1896 (ρ.
686 1813 761 1896 423,
785 1811 915 1898 6sqq.).
952 1811 1032 1876 VIII
1056 1812 1121 1876 220
1144 1813 1279 1896 vulgato
1304 1813 1428 1879 scholio
1452 1814 1537 1897 quod

259 1917 322 1982 hoc
345 1922 395 1983 cst
419 1919 613 2002 ‘praeatum'
630 1941 691 2001 pro
716 1918 837 2003 ‘praue’
856 1921 978 2004 posuit:
1005 1939 1081 1982 nunt
1105 1918 1226 2000 ‘preve'
1250 1925 1294 1984 est
1309 1941 1368 2001 per
1391 1927 1538 1986 natnrarn

253 2026 469 2110 penderosrnn,
493 2025 688 2109 ‘precntum'
711 2028 793 2108 qnod
814 2031 960 2090 mnatre
977 2027 1164 2091 extrinsecus
1187 2025 1221 2088 in
1238 2024 1437 2092 Floriacensi
1460 2028 1539 2092 haec

260 2131 371 2196 addita
400 2136 477 2197 sunt
502 2135 556 2198 sed
580 2134 708 2215 qnidam
735 2133 845 2198 rnetins
868 2130 1061 2216 ‘precntum'
1084 2153 1179 2214 qnnrn
1203 2129 1324 2214 ‘prave’
1348 2135 1462 2198 dntnrn
1492 2155 1539 2198 eo·

261 2238 341 2322 trent,
363 2241 455 2320 qnasi
476 2241 663 2304 extrinsecus
685 2241 759 2304 nodi
781 2241 845 2304 sint
868 2241 976 2304 additi.
1023 2238 1103 2304 VIII
1127 2239 1192 2304 393
1215 2239 1250 2303 in
1272 2240 1477 2306 brevioribus
1501 2242 1539 2305 li-

258 2343 327 2408 bris
351 2344 431 2410 haec
455 2345 608 2433 leguntur
625 2347 776 2410 intellexit
792 2366 824 2410 cc
841 2346 921 2410 dotis
938 2351 967 2410 et
977 2345 1209 2428 puchritudine
1216 2349 1397 2428 pervertisse
1410 2353 1539 2413 nentem

258 2451 374 2516 mariti.
420 2474 479 2536 pro
507 2454 585 2518 dotis
611 2459 640 2518 et
663 2452 891 2535 paletritentine
917 2452 952 2517 in
979 2451 1179 2517 Floriacensi
1206 2454 1363 2538 scriptum
1391 2459 1441 2520 est
1471 2456 1539 2519 solu

253 2556 497 2643 pulchritudine,
528 2559 680 2623 nimirum
707 2580 749 2623 ne
777 2558 888 2622 eadem
916 2557 1102 2624 viderentur
1131 2580 1213 2643 quae
1241 2559 1351 2625 addita
1380 2564 1457 2626 sunt
1479 2563 1539 2626 etii

259 2664 378 2730 duabus
407 2666 496 2731 rebus
524 2666 667 2730 Venerem
696 2665 802 2730 eotnnt
827 2665 977 2728 nuritnrn
1000 2666 1189 2748 adpressum,
1218 2667 1297 2732 dotis
1319 2672 1348 2732 et
1364 2668 1537 2750 6666666-

259 2772 330 2837 dine
353 2793 379 2837 e.
403 2795 433 2856 q.
457 2795 482 2837 s.
527 2771 608 2836 VIII
633 2771 698 2836 406
727 2771 853 2855 vulgati
882 2770 959 2834 libri
982 2770 1062 2834 hacc
1087 2771 1241 2838 exhibent
1264 2799 1399 2839 correers
1411 2800 1539 2841 rnrrsrs

260 2904 369 2943 casuro
391 2878 445 2943 boe
467 2884 511 2944 est
532 2884 604 2943 ante
625 2878 786 2944 cnrnrhnit
807 2878 902 2942 etsie
924 2878 1038 2959 quieuit
1060 2899 1085 2943 e.
1106 2900 1136 2962 q.
1155 2901 1179 2943 s.
1204 2864 1237 2944 in
1261 2879 1460 2946 Floriacensi
1484 2883 1538 2947 ad-

259 2985 379 3049 duntur
405 2986 465 3050 atii
492 2984 649 3066 ‘infnsns'
679 2987 781 3067 hpnnt
806 2989 842 3048 nt
868 2985 1056 3066 sipnipteetnr
1084 2987 1178 3050 conse
1205 2987 1275 3052 ittos
1308 2989 1402 3053 etsie
1423 2990 1537 3072 sopitm

260 3112 285 3155 c.
310 3112 339 3174 q.
363 3113 387 3156 s.
432 3091 569 3176 denique
596 3091 659 3155 huc
686 3091 829 3174 pertinet
855 3089 943 3173 quod
966 3089 1071 3156 Servii
1098 3092 1231 3156 scholiis
1261 3115 1356 3178 saepe
1379 3094 1537 3179 iuterpre-

259 3196 401 3261 tationes
424 3219 557 3280 prorsus
581 3197 692 3262 eodem
716 3196 885 3262 redeuntes
910 3196 1052 3263 adnexae
1076 3202 1160 3264 sunt.
1206 3197 1244 3263 cf.
1267 3198 1283 3262 I
1306 3200 1371 3264 335
1395 3198 1439 3285 (p.
1465 3201 1537 3284 119,

266 3302 300 3366 11
327 3306 360 3367 et
387 3302 453 3388 15),
482 3305 546 3369 539
571 3309 604 3370 et
627 3303 710 3387 541,
737 3304 801 3368 689
826 3307 858 3367 et
882 3302 956 3370 695.
1001 3303 1035 3368 II
1057 3304 1131 3388 419,
1155 3305 1230 3388 504,
1255 3306 1333 3391 789,
1359 3306 1408 3371 III
1432 3307 1461 3390 9,
1485 3307 1537 3390 34,

260 3409 311 3493 36,
335 3410 392 3493 39,
417 3411 533 3495 quibus
557 3410 713 3494 exemplis
738 3409 859 3474 similia
882 3411 986 3475 multa
1007 3415 1145 3497 possunt
1168 3412 1316 3496 proferri.

349 3517 426 3581 Alio
450 3522 641 3604 argumento
665 3537 729 3601 quo
750 3513 853 3580 Servii
877 3519 1111 3583 commentario
1133 3517 1239 3583 aliena
1258 3519 1381 3584 scholia
1399 3504 1537 3586 inmixta

356 3678 471 3685 ...-—..

332 3765 359 3830 2)
384 3763 525 3817 Donatum
546 3765 575 3817 et
588 3761 732 3816 Vrbanam
747 3760 821 3816 inter
834 3761 954 3832 Vergilii
975 3766 1208 3819 commentatores
1222 3783 1342 3836 magnae
1360 3765 1538 3822 auctoritatis

260 3841 347 3897 fuisse
374 3842 439 3897 inde
463 3841 637 3912 intellegitur
661 3844 736 3913 quod
759 3860 777 3897 a
800 3842 897 3898 Servio
920 3843 1030 3913 saepius
1054 3861 1139 3912 quam
1167 3845 1254 3900 ceteri
1278 3848 1537 3902 commemorantur.

261 3922 367 3977 Donati
390 3923 621 3977 commentarium
646 3922 738 3991 priore
762 3922 848 3976 medii
866 3922 942 3990 quod
960 3924 1077 3977 vocatur
1095 3923 1159 3978 aevi
1177 3927 1258 3993 parte
1276 3926 1401 3980 extiiisse
1419 3943 1476 3980 uon
1494 3941 1537 3979 so-

262 4001 321 4056 lum
341 4002 496 4057 Turonensi
520 4002 626 4057 scholio
650 4002 725 4071 quod
749 4020 833 4072 snpra
856 4000 1001 4070 exscripsI,
1025 4002 1072 4056 sed
1096 4003 1160 4058 aliis
1183 4004 1362 4072 testimoniis,
1386 4022 1458 4074 quae
1482 4005 1538 4058 suis

260 4080 332 4136 locis
350 4082 504 4151 proferam,
524 4082 686 4138 ostenditur.
702 4113 735 4122 -
751 4082 895 4136 Vrbanum
914 4080 1084 4138 Ribbeckius
1103 4085 1184 4152 (prol.
1203 4104 1229 4155 p.
1251 4088 1312 4154 167)
1331 4085 1414 4140 Velio
1431 4085 1538 4155 Longo,

262 4161 311 4228 qui
330 4162 390 4230 ipse
409 4162 532 4217 aGellio
550 4161 651 4231 (XVIII
665 4169 691 4232 9,
704 4163 732 4231 4)
753 4164 998 4232 commemoratur,
1018 4164 1203 4234 antiquiorem
1222 4165 1307 4220 fuisse
1321 4164 1452 4233 coniecit,
1472 4163 1538 4233 quia

263 4238 339 4294 illius
359 4240 395 4295 ad
414 4240 482 4298 Aen.
498 4243 523 4296 V
538 4248 589 4297 517
608 4242 763 4309 adnotatio,
783 4259 866 4311 quam
886 4241 997 4298 Servius
1014 4243 1151 4314 laudavit,
1169 4246 1261 4316 Longi
1278 4243 1397 4312 scholio,
1417 4244 1491 4313 quod
1510 4245 1540 4298 in

262 4320 418 4376 Veronensi
441 4321 536 4390 codice
561 4323 597 4376 ad
620 4341 645 4378 v.
665 4327 717 4378 488
742 4324 831 4388 extat,
856 4323 1039 4393 suppleretur.
1076 4342 1173 4379 vemm
1195 4321 1309 4394 quidem
1329 4327 1372 4379 est
1388 4327 1540 4394 poetama

264 4399 379 4454 Cornuti
402 4401 610 4470 vltuperationa
634 4401 680 4472 (cf.
700 4403 785 4458 schol.
805 4403 917 4473 Veron.)
940 4404 1029 4458 multo
1053 4405 1216 4474 prudentius
1239 4405 1371 4474 aLongo
1395 4421 1479 4473 quam
1502 4406 1537 4459 ab

261 4480 375 4536 Vrbano
394 4481 539 4536 defensum
559 4499 631 4551 esse,
657 4499 749 4551 neque
766 4483 862 4537 tamen
881 4481 946 4537 inde
965 4483 1090 4551 sequitur
1107 4484 1181 4537 hune
1200 4486 1265 4537 ante
1283 4483 1364 4537 illum
1385 4486 1537 4554 scripsisse.

264 4558 350 4614 immo
374 4579 437 4617 cum
461 4578 495 4616 ea
517 4579 588 4632 quae
608 4563 719 4618 Servius
738 4580 772 4618 ex
789 4563 897 4618 Vrbani
919 4563 1118 4618 commentario
1137 4561 1276 4630 excerpsit
1293 4561 1330 4616 ab
1348 4561 1537 4632 antiquiorum

260 4640 444 4709 interpretum
472 4642 601 4697 doctrina
629 4645 659 4697 et
685 4642 788 4699 iudicio
816 4643 950 4713 pleraque
978 4642 1070 4698 aliena
1098 4641 1166 4708 sint,
1194 4642 1297 4696 rectius
1321 4659 1384 4697 eum
1408 4642 1537 4697 inferiore

261 4720 364 4790 aetate,
382 4720 412 4775 id
431 4725 475 4776 cst
493 4725 593 4791 quarto
612 4724 670 4777 fere
689 4724 814 4794 saeculo,
834 4723 953 4795 Vergilii
967 4722 1092 4779 earmina
1105 4724 1324 4777 commentatum
1338 4739 1399 4777 esse
1413 4725 1536 4777 statuere

257 4799 362 4854 videor.
