3396 5422
249 403 337 459 XCVI
780 403 996 459 PRAEFATIO.

248 567 482 650 discrepantias
507 589 620 632 omnes
644 572 913 633 commemoratas
938 590 1008 632 esse
1033 571 1066 631 et
1088 568 1123 632 in
1145 567 1228 650 ipsis
1247 568 1339 633 libris
1363 568 1528 633 conferen-

246 674 296 738 dis
320 676 429 739 omnia
453 697 504 738 me
528 675 737 759 exscripsisse
761 697 843 760 quae
872 676 913 740 ab
937 675 1178 758 exemplaribus
1207 675 1325 759 quibus
1352 679 1461 741 uterer
1484 676 1529 740 di-

246 803 341 846 versa
364 785 473 846 essent
496 783 644 846 consulto
668 804 794 848 moneo.

335 886 537 953 Veronensis
558 889 593 953 in
615 887 795 954 Aeneidem
819 888 945 953 scholia
964 888 1060 952 alteri
1084 888 1255 972 volumini,
1279 911 1342 973 quo
1368 888 1524 955 Serviane

244 994 280 1058 in
302 993 383 1059 Aen.
405 996 462 1060 lib.
485 993 641 1059 Vl-XII
668 999 852 1059 commenta
875 996 1024 1079 edentur,
1053 995 1178 1060 addam.
1215 993 1428 1060 Hermanni
1451 994 1526 1061 Ha-

246 1102 334 1186 geni
363 1123 463 1186 opera
492 1101 538 1165 eis
568 1101 623 1185 qui
652 1101 688 1165 in
713 1102 862 1167 bucolica
892 1106 924 1166 et
957 1102 1109 1188 georgica
1142 1105 1255 1166 extant
1283 1104 1525 1167 commentariis

245 1210 447 1273 recensendis
477 1208 704 1273 continebitur.

333 1314 450 1380 Restat
472 1319 510 1379 ut
534 1315 581 1379 eis
605 1315 684 1380 viris
709 1307 853 1400 egregiis
877 1316 990 1399 quiin
1017 1314 1079 1379 hoc
1103 1306 1199 1397 opere
1224 1316 1420 1398 perficiendo
1445 1318 1526 1382 mihi
1565 1395 1572 1406 ‚

246 1422 418 1488 adfuerunt
436 1423 558 1506 gratias
574 1442 671 1506 agam
691 1444 789 1505 quam
804 1422 971 1486 maximas.
1008 1422 1115 1504 Atque
1130 1420 1353 1487 Fridericus
1373 1420 1525 1488 Schoel-

245 1508 321 1595 lius
344 1552 409 1594 non
433 1528 538 1593 solum
560 1528 595 1591 in
617 1529 758 1613 plagulis
782 1529 981 1614 corrigendis
996 1528 1221 1594 lubentissime
1244 1552 1294 1593 me
1316 1530 1450 1615 adiuvit,
1469 1531 1525 1595 sed

245 1638 344 1702 etiam
368 1658 450 1720 quae
480 1635 566 1699 inter
595 1635 821 1719 corrigendum
851 1636 916 1720 ipsi
946 1637 980 1700 in
1010 1639 1154 1699 mentem
1183 1640 1339 1700 venerant
1368 1637 1523 1701 continuo

246 1766 369 1809 mecum
399 1743 641 1808 communicans
672 1745 704 1805 et
731 1742 967 1807 dubitationem
996 1763 1129 1807 movens
1159 1742 1264 1825 siquid
1291 1765 1406 1826 parum
1436 1747 1523 1808 recte

244 1851 489 1916 administrasse
522 1849 655 1913 videbar
688 1849 810 1932 optime
843 1849 881 1913 de
914 1848 976 1912 hoc
1004 1847 1088 1912 libro
1125 1848 1259 1913 meritus
1288 1851 1347 1914 est
1387 1848 1524 1914 Marti·

244 1981 314 2023 nus
337 1956 509 2041 Langius
533 1978 571 2020 ea
595 1979 677 2040 quae
701 1956 789 2020 docti
812 1955 888 2019 Itali
912 1976 994 2019 saec.
1017 1954 1080 2019 XV
1104 1952 1209 2019 Servii
1237 1955 1369 2019 scholiis
1397 1955 1524 2021 addide-

243 2070 320 2130 runt
348 2087 365 2128 e
393 2062 569 2127 Dresdensi
603 2063 710 2128 codice
738 2083 846 2126 meum
873 2061 908 2125 in
935 2083 1029 2126 usum
1063 2060 1312 2145 diligentissime
1344 2062 1525 2146 exscripsit.

244 2173 407 2238 codicibus
432 2173 540 2235 autem
564 2168 775 2254 procurandis
799 2168 1125 2251 transmittendisque
1149 2169 1212 2232 sibi
1236 2190 1287 2232 me
1312 2167 1525 2233 devinxerunt

244 2278 461 2344 Gulielmus
476 2276 756 2341 Brambachius
781 2279 814 2340 ct
832 2273 1016 2339 Alfredus
1039 2274 1232 2339 Holderus
1247 2273 1525 2361 Caroliruhenscs,

244 2383 405 2451 Carolus
429 2383 608 2449 Halmius
632 2381 851 2464 Monacensis,
880 2379 923 2446 M.
946 2379 1095 2445 Islerus
1120 2379 1387 2465 Hamburgensis,
1411 2380 1522 2446 Ioan-

242 2515 308 2557 nes
339 2491 595 2558 Schubartius
624 2488 844 2572 (lessellanus,
876 2486 1041 2554 Carolus
1070 2488 1416 2573 Zangemeisterus
1444 2488 1522 2553 Hei-

243 2599 472 2684 delbergensis.
514 2597 666 2662 subsidiis
690 2597 804 2661 horum
834 2596 978 2660 virorum
1006 2595 1203 2661 liberalitate
1230 2595 1354 2680 paratis
1384 2595 1412 2660 si
1436 2596 1522 2661 docti

242 2705 390 2770 homines
413 2706 461 2769 ita
484 2726 535 2768 me
560 2727 666 2781 usum¹
679 2725 749 2768 esse
772 2702 985 2767 iudicaverint
1014 2706 1051 2767 ut
1074 2702 1113 2765 ad
1137 2705 1283 2767 veterum
1306 2700 1445 2787 Vergilii
1472 2703 1521 2766 in·

242 2816 421 2895 terpretum
435 2811 590 2894 reliquias
615 2809 666 2873 via
690 2816 727 2873 ac
750 2808 876 2873 ratione
890 2808 1078 2872 tractandas
1093 2808 1216 2872 aditum
1230 2807 1432 2892 patefactum
1451 2830 1520 2873 csse

243 2923 409 2997 censeant,
432 2919 565 2983 uberem
588 2916 711 2981 laboris
735 2915 876 2980 fructum
899 2913 1050 2978 retulisse
1074 2913 1155 2978 mihi
1179 2915 1320 2981 videbor.

332 3042 398 3108 Ser.
420 3041 657 3126 Heidelbergae
680 3062 791 3106 mense
814 3039 988 3105 Decembri
1011 3062 1039 3104 a.
1062 3037 1337 3105 MDOOOLXXX.

1133 3226 1299 3298 Georgius
1321 3227 1428 3284 ¹I'lrilo.
