3396 5422
216 322 321 422 11111111
744 329 957 426 palasano.

219 531 258 594 ad
282 553 352 596 eun.
381 531 470 615 113,
500 533 540 597 21
576 534 740 617 adscripto
769 535 960 600 ostenditur.
1015 535 1173 599 incertum
1206 539 1313 600 autem
1346 536 1428 601 illud
1461 542 1493 601 61

215 658 336 722 vagum
360 639 585 705 laudationum
605 662 707 726 genus
714 693 723 725 ,
751 643 840 705 cuius
865 642 1023 725 exempla·
1038 641 1231 706 Thomasius
1254 666 1284 726 p.
1311 643 1372 708 189
1397 644 1493 707 colla·

214 743 310 831 giu),
339 768 358 809 a
386 750 532 810 veterum
556 748 751 831 scrip-torum
785 769 873 812 mora
902 770 968 812 non
997 747 1163 832 abhorret,
1193 771 1298 833 nequa
1322 749 1492 833 probabile

215 856 265 916 est
289 852 375 935 quod
397 853 455 916 ille
479 854 542 917 sibi
569 854 770 937 persuasisse
793 851 967 940 videtur2),
997 852 1142 918 Servium
1166 856 1271 938 ipsum
1296 856 1491 938 scriptorum

213 960 347 1023 nomina
379 981 452 1024 cum
485 960 644 1024 librorum
676 961 781 1025 titulis
815 982 1100 1042 commemorasse,
1127 984 1187 1044 pro
1219 962 1270 1026 his
1301 985 1320 1026 a
1347 962 1491 1026 librariis

213 1067 378 1149 generalia
410 1067 530 1132 indicia
561 1067 670 1151 posita
701 1087 779 1131 esse.
825 1069 863 1128 ut
892 1065 1004 1148 paucis
1035 1056 1305 1148 comprehendam
1337 1089 1420 1150 quae
1453 1067 1491 1132 de

212 1173 475 1238 testimoniorum
500 1172 602 1238 Servii
626 1172 690 1236 fide
718 1173 917 1254 dictasunt,
946 1164 1034 1236 omni
1062 1173 1096 1235 in
1125 1172 1171 1237 eis
1199 1173 1391 1238 adhibendis
1419 1195 1490 1238 cau-

214 1278 303 1343 tione
328 1302 409 1363 opus
433 1283 490 1344 est.

301 1384 418 1450 Restat
446 1390 484 1450 ut
513 1408 694 1451 sermonem
718 1384 821 1451 Servii
849 1386 960 1468 paucis
989 1385 1178 1450 describam.
1216 1386 1272 1469 qui
1299 1408 1357 1470 per
1383 1389 1490 1452 totum

213 1494 479 1559 commentarium
504 1493 649 1578 aequalis
673 1498 723 1558 est
750 1497 784 1557 et
808 1492 871 1557 sibi
895 1494 1030 1557 constat.
1068 1495 1165 1576 atque
1194 1493 1222 1555 si
1246 1515 1266 1556 a
1289 1493 1396 1557 verbis
1420 1494 1487 1577 qui·

212 1599 349 1664 busdam
383 1599 743 1682 constructionibusque
779 1599 965 1680 verborum,
1002 1598 1042 1662 ab
1076 1598 1264 1681 incorrupta
1297 1598 1391 1663 latini
1425 1622 1489 1664 ser·

212 1707 317 1771 monis
336 1708 527 1792 integritate
546 1707 676 1788 alicnis,
695 1705 784 1769 illius
813 1706 930 1770 aetatis
959 1705 1155 1787 scriptorum
1174 1702 1347 1790 propriis³)
1371 1705 1489 1770 disces·

211 1815 304 1896 seris,
328 1816 507 1879 orationem
532 1813 738 1898 grammatici
762 1813 879 1877 exilem
903 1812 995 1876 illam
1027 1810 1157 1894 quidem
1187 1814 1220 1875 et
1243 1812 1331 1875 omni
1355 1816 1487 1876 ornatus

211 1939 330 2002 genere
353 1920 559 2004 destitutam,
583 1920 638 1984 sed
661 1919 863 2004 perspicuam
889 1923 922 1983 61
944 1940 1058 2002 puram
1079 1939 1149 1981 essa
1168 1917 1325 2002 invenies,
1349 1924 1386 1982 ut
1408 1941 1487 2001 peu·

212 2026 257 2090 cis
282 2027 362 2092 locis
386 2027 544 2110 exceptis,
568 2026 685 2110 quibus
704 2025 840 2089 nimium
854 2023 1015 2108 quoddam
1030 2023 1199 2088 brevitatis
1219 2025 1361 2089 studium
1382 2028 1487 2090 osten-

210 2131 311 2216 ditur,
335 2132 410 2216 quid
435 2133 576 2197 voluerit
594 2132 650 2196 ille
669 2131 765 2196 facile
779 2131 995 2214 intellegatur.
1012 2130 1107 2193 -illud
1122 2151 1249 2214 quoque
1272 2131 1305 2194 in
1329 2132 1486 2216 scriptore

210 2240 338 2303 infimae
357 2261 458 2324 prope
483 2239 600 2304 aetatis
624 2239 717 2303 laude
742 2237 875 2321 dignum
906 2225 976 2320 est,
997 2236 1083 2322 quod
1110 2236 1300 2320 plerumque
1328 2241 1362 2301 61
1388 2237 1487 2301 verba

211 2349 286 2428 apte
310 2346 470 2410 collocata
489 2350 522 2410 et
546 2345 713 2409 enuntiata
736 2348 811 2427 61116
831 2344 916 2407 inter
941 2343 1104 2407 seiuncta
1124 2347 1209 2406 sunt.
1247 2343 1383 2427 denique
1402 2330 1485 2408 com·

209 2452 406 2516 mentarium
430 2451 542 2535 legens
566 2451 852 2534 ludimagistrum
876 2449 987 2513 audire
1010 2449 1082 2513 tibi·
1094 2449 1214 2513 rideris
1233 2450 1388 2514 sermonis
1413 2449 1486 2512 sim·

209 2557 354 2641 plicitate
378 2560 411 2621 et
433 2557 665 2640 perspicuitate
693 2559 790 2638 atque
817 2553 1035 2639 praecipiendi
1064 2553 1204 2636 quadam
1228 2554 1401 2618 6616111616
1423 2554 1485 2618 hoc

211 2771 333 2852 oipiant
356 2774 388 2833 et
412 2769 567 2834 memoria
591 2767 857 2850 complectantur.

296 2876 346 2940 na
369 2898 451 2961 quae
476 2899 492 2940 e
515 2874 714 2958 plenioribus
738 2873 829 2937 libris
853 2870 969 2936 Petrus
988 2871 1105 2936 Daniel
1129 2873 1253 2955 primus
1277 2872 1378 2937 edidit
1400 2873 1484 2939 inter

208 3003 242 3045 66
264 2983 336 3064 ipsa
361 2983 440 3046 satis
465 2980 636 3046 dissimilia
659 2983 744 3043 sunt.
782 3000 856 3041 nam
875 2983 913 3042 ut
930 2978 1017 3042 haud
1036 3000 1141 3060 pauca
1160 2979 1283 3044 scholia
1302 2976 1482 3044 aServiani

207 3088 432 3152 commentarii
455 3086 635 3151 rationibus
659 3084 754 3149 modo
778 3083 949 3167 descriptis
974 3105 1041 3148 non
1059 3084 1251 3167 abhorrent,
1275 3085 1323 3148 ita
1345 3085 1411 3150 alia
1433 3108 1482 3150 re·

206 3193 354 3257 conditae
377 3194 543 3259 doctrinae
562 3193 657 3276 plena
680 3193 757 3254 sunt
784 3194 817 3254 et
836 3189 876 3254 ad
893 3189 1062 3254 doctorum
1080 3190 1248 3255 hominum
1267 3193 1371 3276 magis
1386 3213 1482 3275 quam

206 3299 246 3362 ad
269 3300 523 3364 adulescentium
543 3298 651 3362 studia
666 3297 846 3361 adiuvanda
863 3297 1036 3380 pertinent.
1073 3299 1231 3363 sermonis
1250 3320 1377 3383 quoque
1395 3300 1482 3364 inae·

206 3407 346 3488 qualitas
361 3407 518 3491 quaedam
533 3405 682 3470 cernitur.
719 3403 928 3467 inveniuntur
947 3404 1032 3468 enim
1047 3427 1129 3488 quae
1147 3427 1213 3469 non
1228 3405 1334 3469 solum
1347 3410 1481 3488 propter

204 3534 313 3576 rerum
336 3511 582 3597 praestantiam,
606 3509 774 3573 sedetiam
794 3513 928 3593 propter
943 3510 1100 3575 orationis
1119 3510 1267 3576 habitum
1288 3516 1320 3576 61
1340 3509 1480 3576 colorem

206 3619 407 3683 adnotatam
431 3617 585 3682 Serviane
614 3616 812 3700 superiorem
835 3616 1002 3682 referenda
1030 3639 1100 3682 essa
1128 3617 1297 3682 videantur
1320 3613 1374 3702 (cf.
1397 3641 1427 3701 p.
1451 3619 1480 3701 8,

208 3725 261 3808 193
287 3725 340 3807 13,
365 3725 399 3807 83
423 3724 479 3806 21,
505 3723 558 3805 173
588 3723 668 3805 473,
696 3719 765 3808 20),
793 3722 860 3787 alia
887 3725 925 3786 ut
951 3744 1002 3787 res
1032 3724 1165 3807 cognitu
1193 3723 1400 3809 dignissimas
1429 3746 1480 3789 ex-

204 3828 319 3894 hibent
343 3831 390 3893 116
412 3830 490 3893 rude
516 3833 549 3892 et
571 3830 730 3893 incultum
750 3828 875 3914 dicendi
899 3847 1001 3911 genus
1021 3830 1208 3914 ostendunt,
1227 3835 1264 3895 ut
1287 3830 1479 3914 antiquioris
1513 3860 1526 3867 ··
1603 3856 1606 3860 ⁸

205 3935 407 4021 grammatici
442 3936 678 4020 expositionem
710 3934 862 3998 inferiore
896 3937 1003 3999 aetate
1036 3937 1148 4000 nativa
1185 3937 1341 4002 orationis
1374 3936 1479 4002 forma

204 4042 353 4106 orbatam
373 4064 443 4106 esse
467 4047 631 4126 appareat.
661 4039 713 4127 (cf.
738 4040 818 4103 Aen.
848 4038 966 4121 1305,
994 4038 1026 4103 H
1049 4041 1106 4124 44,
1127 4041 1178 4106 ΙΙΙ
1203 4043 1278 4125 148,
1306 4042 1372 4106 alia
1399 4064 1480 4127 quae

203 4147 344 4212 Thomas
368 4171 399 4232 p.
423 4149 465 4214 82
490 4156 574 4230 6111.
600 4146 663 4211 102
689 4167 735 4229 sq.
758 4140 915 4229 collegit).

277 4405 302 4469 1)
322 4401 356 4457 cf.
376 4405 445 4456 Aen.
465 4403 477 4455 I
498 4407 548 4456 138
578 4401 622 4454 ‘ut
640 4398 744 4453 Punica
761 4399 881 4452 testatur
899 4399 1043 4469 historia',
1060 4401 1100 4455 Ill
1121 4407 1171 4455 104
1191 4402 1268 4456 ‘narn
1287 4396 1479 4469 6111611616-

204 4481 326 4550 graphos
346 4481 492 4551 legimus',
512 4480 550 4533 Vl
569 4486 622 4535 284
642 4479 703 4546 ‘qui
721 4478 755 4532 de
771 4476 886 4531 somniis
901 4479 1091 4550 scripserunt',
1110 4481 1214 4535 111184
1231 4481 1290 4549 ‘qni
1310 4480 1480 4551 scripserunt

204 4560 238 4613 de
258 4562 318 4614 arte
338 4560 476 4616 militari'.
585 4562 614 4627 2)
637 4578 663 4629 p.
685 4563 734 4612 188
756 4557 805 4613 ‘...
825 4558 866 4611 les
884 4557 1051 4614 indicatione
1074 4575 1179 4628 vaguas
1202 4561 1232 4614 et
1250 4560 1410 4615 collectivae
1428 4561 1477 4630 qui
1523 4571 1529 4582 '

203 4640 391 4708 remplacent‚
420 4640 488 4694 dans
521 4642 601 4693 notre
630 4637 751 4707 Vulgata
783 4639 916 4707 actualle,
943 4640 984 4693 les
1008 4655 1087 4692 noma
1109 4655 1225 4708 propres
1250 4656 1303 4707 qua
1326 4640 1478 4694 donnaient

202 4718 401 4774 certainement
421 4718 532 4774 Servius
552 4735 587 4772 ou
607 4718 648 4772 les
667 4720 900 4772 commenteteurs
920 4719 967 4786 qui
985 4719 1057 4772 l'ont
1074 4719 1211 4786 pracede'.
1300 4720 1327 4787 3)
1348 4720 1382 4776 cf.
1402 4719 1477 4775 Tho·

202 4815 261 4852 mas
279 4816 305 4868 p.
327 4803 376 4852 146
396 4817 454 4867 sqq.
