3396 5422
201 359 252 414 LII
730 355 946 412 PRAEFATIO.

203 528 314 609 aperte
336 523 503 609 professus
534 526 585 586 est
608 545 705 588 unam
728 521 898 587 Fuldensis
922 523 1143 587 membranam
1168 521 1234 586 suis
1254 543 1288 586 sc
1312 521 1413 586 oculis
1437 522 1483 587 vi-

202 632 296 696 disse.
333 631 390 695 illo
406 629 490 693 enim
506 630 577 694 loco
593 629 701 694 verbis
716 650 797 715 quae
813 632 889 693 sunt
902 649 980 711 quoe
999 629 1200 693 benevolentia
1224 677 1230 692 .
1251 680 1258 693 .
1278 680 1285 695 .
1309 633 1337 693 ct
1355 633 1382 693 tc
1390 634 1482 711 poter

202 740 313 821 optirnc
338 738 488 801 Teucrum
511 735 591 800 haec
614 736 739 800 addidit
763 736 817 800 ‘ex
841 736 948 801 codice
968 735 1119 800 Fuldensi
1137 735 1227 800 cuius
1242 735 1323 820 frag.
1345 735 1480 801 duarum

202 845 396 929 paginarum
429 843 537 908 videre
565 841 690 927 licuit'‚
722 843 825 908 altero
858 843 965 907 verbis
992 843 1051 908 olii
1081 843 1128 907 ito
1151 843 1381 908 ...resolvere
1407 844 1481 908 iura

202 936 371 1037 praemisit
401 949 455 1013 ‘ex
484 972 512 1013 v.
542 950 651 1015 codice
676 951 808 1034 collegii
831 950 1001 1015 Fuldensis
1032 949 1123 1014 cuius
1153 949 1371 1035 fragmentum
1404 950 1481 1017 dua·

201 1081 273 1122 rum
296 1076 369 1141 pag.
393 1077 470 1140 prae
493 1056 641 1121 manibus
664 1055 794 1122 habui':
818 1057 933 1141 quibus
957 1055 1154 1121 testimoniis
1178 1056 1381 1140 intellegitur
1404 1057 1481 1142 quid

202 1165 265 1228 sibi
288 1163 391 1228 velint
419 1161 523 1227 ‘binio
548 1161 736 1227 Fuldensis'
766 1163 838 1248 illa,
866 1185 948 1246 quac
972 1164 1005 1227 in
1030 1163 1133 1226 altero
1161 1162 1375 1246 praefationis
1398 1186 1482 1228 com-

202 1271 362 1335 mentario
386 1269 527 1352 margini
550 1268 713 1353 adscripta
743 1291 813 1333 esse
841 1269 915 1334 dixi.
952 1269 1080 1333 videtur
1107 1273 1216 1334 autem
1238 1269 1357 1334 Daniel
1381 1293 1419 1335 ea
1442 1271 1482 1335 dc

203 1400 301 1443 causa
324 1377 358 1441 in
381 1375 566 1441 adornando
591 1398 649 1440 suo
680 1375 854 1458 exemplari
878 1374 980 1440 Modii
1008 1379 1162 1459 excerpta
1183 1376 1377 1462 neglexisse,
1405 1377 1482 1461 quia

204 1484 245 1549 ab
269 1483 332 1548 alio
358 1504 391 1546 se
415 1482 666 1565 impetraturum
690 1504 760 1546 csse
784 1482 937 1566 sperabat
960 1484 997 1545 ut
1020 1479 1188 1546 Fuldensis
1213 1482 1311 1546 codex
1334 1487 1424 1548 totus
1447 1485 1482 1548 in

205 1612 299 1655 suurn
322 1611 415 1654 usum
440 1588 683 1652 exscriberetur.
723 1609 825 1673 neque
852 1587 937 1652 falsa
960 1610 1016 1671 spe
1040 1587 1189 1653 inductus
1214 1592 1272 1653 est.
1308 1611 1384 1654 nam
1408 1613 1482 1656 cum

203 1697 238 1761 in
262 1717 299 1761 eo
324 1699 410 1760 esset
433 1699 468 1759 ut
490 1718 610 1760 novum
635 1693 738 1759 Servii
763 1695 929 1778 exemplar
952 1695 1099 1759 ederetur
1122 1694 1260 1760 lacobus
1279 1696 1481 1782 Bongarsius

204 1804 333 1888 plenam
353 1802 525 1867 Fuldensis
548 1801 627 1866 libri
641 1802 861 1867 conlationem
879 1825 898 1866 a
917 1800 1026 1867 Marco
1045 1801 1183 1866 Velsero
1208 1807 1240 1867 et
1260 1802 1356 1888 Gasp.
1372 1803 1482 1890 Sciop

203 1911 258 1994 pio
283 1910 403 1975 factam
427 1933 444 1974 e
469 1908 642 1974 Germania
667 1906 829 1993 adtulit¹),
854 1931 950 1992 quam
974 1908 1091 1972 Daniel
1116 1909 1155 1973 ad
1180 1933 1272 1974 suurn
1296 1915 1482 1978 contextum

205 2017 393 2101 adaptatam
418 2017 452 2081 in
477 2015 652 2098 appendice
677 2015 785 2080 edidit.

293 2121 487 2187 Fuldensem
512 2121 656 2187 codicem
671 2143 766 2206 quem
782 2120 953 2206 Scioppius
970 2122 1112 2186 excussit
1126 2146 1145 2188 a
1161 2121 1348 2189 Cassellano
1367 2130 1480 2192 nostro

204 2254 269 2297 non
292 2231 454 2295 diversum
479 2251 549 2293 esse
573 2232 697 2294 certum
721 2234 780 2294 est.
816 2251 892 2293 nam
916 2250 997 2313 quae
1023 2227 1193 2314 Scioppius
1217 2232 1252 2294 in
1276 2233 1335 2296 illo
1360 2234 1482 2319 scripta

205 2359 326 2422 quaeve
351 2338 472 2401 omissa
501 2358 571 2400 csse
599 2336 680 2401 dixit
710 2335 822 2400 eadem
850 2335 882 2399 in
911 2335 972 2400 hoc
1005 2339 1062 2400 ant
1093 2337 1247 2423 leguntur
1276 2343 1333 2404 aut
1361 2339 1485 2406 desunt.

205 2445 283 2509 item
307 2465 445 2530 magnus
470 2447 520 2508 cst
544 2445 629 2507 inter
655 2441 881 2507 Caesellanum
904 2446 938 2507 et
960 2463 998 2506 ea
1022 2465 1103 2526 quae
1127 2445 1166 2509 dc
1186 2447 1325 2530 singulis
1349 2447 1484 2514 Fulden-

206 2552 250 2616 sis
278 2552 355 2615 libri
384 2550 554 2635 scripturis
581 2549 680 2614 bomo
705 2550 758 2612 illc
787 2549 901 2613 doctus
929 2550 1068 2633 protulit
1096 2572 1280 2617 consensus.
1318 2555 1485 2621 conficitur

206 2662 315 2722 autem
340 2680 391 2723 res
417 2680 454 2722 eo
478 2657 563 2741 quod
587 2680 668 2742 quae
689 2656 859 2740 Scioppius
884 2655 922 2720 de
942 2657 1132 2721 correcturis
1156 2658 1190 2722 in
1213 2658 1366 2725 Fuldensi
1388 2662 1484 2729 factis

205 2763 299 2828 etde
325 2765 559 2849 supplementis
590 2763 782 2849 quibusdam
811 2767 951 2829 testatus
980 2767 1030 2828 cst
1057 2765 1169 2828 eadem
1198 2765 1232 2829 in
1260 2765 1484 2835 Caesellanum

207 2870 335 2936 cadunt.
373 2871 413 2934 ad
446 2871 527 2935 Aen.
550 2871 566 2934 Ι
592 2871 633 2934 12
666 2869 709 2958 (p.
738 2871 791 2955 16,
816 2868 873 2957 13)
906 2871 940 2935 in
974 2868 1166 2937 Oassellano
1200 2895 1219 2936 a
1250 2876 1355 2958 prima
1386 2899 1483 2942 manu

205 2981 293 3041 recte
317 2977 473 3062 scriptum
498 2982 547 3041 est
570 2976 674 3059 Scipio
699 2977 910 3057 Aemilianus
939 2983 1101 3043 corrector
1128 2979 1230 3063 ipsius
1255 2980 1358 3047 Servii
1381 2983 1483 3049 libros

206 3087 334 3148 secutus
367 3104 411 3147 aa
444 3083 571 3147 litteras
610 3083 744 3147 delevit:
785 3082 955 3169 Scioppius
992 3083 1185 3150 Fuldcnsem
1218 3087 1339 3154 habere
1372 3091 1484 3156 docuit

206 3188 330 3275 ‘Scipio
356 3188 514 3254 Aemilius
538 3193 614 3254 ante
638 3190 865 3256 Aemilianus’.
902 3191 982 3255 Aen.
1005 3190 1022 3255 I
1047 3193 1063 3256 1
1090 3189 1133 3279 (p.
1158 3195 1193 3278 6,
1218 3193 1251 3281 7)
1275 3196 1308 3260 in
1332 3200 1484 3263 contextu

208 3295 327 3361 Daniel
351 3295 451 3361 edidit
470 3298 577 3381 copiis,
606 3297 639 3361 in
669 3298 843 3382 appendice
871 3298 909 3362 de
937 3297 1092 3364 Fuldensi
1119 3300 1199 3364 haec
1227 3301 1381 3369 adnotata
1409 3310 1485 3370 sunt

206 3404 300 3469 ‘ante
324 3427 436 3470 vocem
460 3406 555 3487 copiis
578 3405 667 3470 addit
689 3405 810 3471 coriis':
833 3407 865 3470 in
886 3405 1073 3472 Oasscllano
1093 3408 1199 3490 prima
1221 3432 1336 3475 manus
1361 3411 1394 3474 in
1413 3412 1484 3497 ipsa

205 3513 293 3577 linea
316 3512 449 3596 scripsit
471 3513 575 3597 coriis,
598 3514 688 3596 prior
712 3517 874 3578 corrector
898 3536 997 3598 supra
1021 3536 1150 3579 versum
1174 3517 1269 3597 copiis
1292 3517 1338 3581 sic
1361 3519 1485 3586 addidit

205 3623 242 3684 ut
278 3642 344 3684 non
383 3641 482 3704 supra
524 3621 616 3684 coriis
655 3620 709 3684 sed
752 3641 850 3704 supra
891 3621 1116 3704 insequentem
1159 3644 1270 3687 vocem
1311 3629 1486 3708 poneretur

343 3724 417 3772 copiis

205 3778 318 3864 (coriis
342 3778 486 3860 tunicis).
521 3777 574 3842 his
602 3778 685 3844 addo
705 3801 771 3843 non
794 3779 886 3842 nulla
907 3777 1050 3864 Scioppii
1070 3782 1258 3847 testimonia
1271 3805 1353 3867 quac
1372 3789 1483 3867 aperte

206 3909 223 3949 c
248 3884 440 3949 correcturis
464 3885 498 3947 in
522 3882 711 3948 Cassellano
734 3883 829 3948 factis
855 3890 927 3948 orta
952 3890 1036 3950 sunt.
1072 3888 1153 3952 Aen.
1176 3889 1274 3953 1149
1299 3887 1344 3975 (p.
1359 3891 1411 3973 63,
1425 3887 1483 3976 23)

205 4014 264 4076 pro
287 4012 380 4073 cocere
395 3989 602 4056 Cassellanus
626 3989 726 4054 habet
748 4012 860 4072 meroe,
885 3992 936 4056 cui
960 3999 1121 4059 corrector
1140 3997 1408 4081 csupcrseripsit‚
1428 3998 1483 4061 scd

205 4241 270 4294 113
292 4240 341 4293 ‘ex
359 4237 528 4307 transcripto
547 4237 627 4292 Fuld.
647 4237 708 4292 cod.
742 4237 849 4292 Ost-iam
872 4255 937 4293 vero
962 4239 1037 4296 ideo'
1065 4260 1088 4298 e.
1113 4262 1139 4312 q.
1159 4261 1180 4296 s.
1209 4244 1274 4298 138
1300 4243 1345 4298 ‘ex
1367 4245 1483 4299 transcr.

205 4340 231 4375 v.
251 4321 310 4375 cod.
331 4319 395 4375 coll.
414 4317 495 4373 Fuld.
515 4338 671 4373 ravcaonvu
689 4337 732 4372 nv.
758 4337 816 4372 nro.
850 4317 920 4372 Mire
940 4320 1063 4376 Aeneam
1082 4323 1173 4378 noluit
1190 4324 1345 4379 nominarc’
1372 4341 1395 4377 c.
1415 4342 1441 4392 q.
1462 4342 1482 4379 s.

297 4401 323 4467 1)
341 4397 496 4468 Bongarsio
515 4399 633 4467 rogante
656 4397 781 4451 Marcum
802 4397 959 4468 Velscrum‚
983 4401 1107 4458 nobilem
1126 4405 1333 4474 Augustanum,
1352 4403 1483 4459 interces-

207 4480 275 4534 sisse
300 4480 383 4549 puto,
409 4481 441 4532 ut
460 4477 608 4547 Scioppius
630 4476 799 4532 Fuldensem
822 4478 924 4533 librum
950 4481 1132 4551 exscriberet3
1160 4500 1224 4536 nam
1253 4483 1344 4552 ipsum
1369 4501 1432 4538 eum
1455 4484 1484 4537 in

206 4559 373 4614 conferendo
393 4557 488 4613 codice
514 4556 638 4610 adfuisse
666 4557 725 4610 veri
753 4575 807 4612 non
837 4562 880 4614 est
908 4560 1007 4616 simile.
1041 4562 1114 4616 inter
1139 4561 1272 4631 epistolas
1296 4581 1359 4618 cum
1383 4563 1483 4618 ceteris

207 4639 265 4693 eius
285 4638 364 4693 libris
385 4638 588 4707 Norimbergae
607 4655 631 4691 a.
653 4644 720 4692 1682
741 4637 831 4692 editas
850 4641 929 4696 nulla
953 4644 997 4696 est
1020 4643 1056 4696 ad
1075 4642 1221 4697 Danielem
1240 4643 1353 4713 scripta.
1388 4643 1483 4713 Sciop-

206 4719 269 4788 pius
288 4720 384 4773 autem
403 4721 468 4773 ante
488 4736 591 4772 annum
612 4723 689 4784 1597,
714 4736 796 4787 quem
815 4719 881 4775 libri
900 4723 934 4776 dc
953 4725 1014 4777 arte
1034 4722 1132 4778 critica
1149 4723 1317 4792 praefationi
1335 4723 1484 4779 Altodorfii

206 4797 381 4867 subscripsit,
400 4796 523 4852 codicem
543 4799 680 4852 tractasse
699 4798 818 4853 videtur.
