3396 5422
180 427 183 436 ,
207 369 297 423 XXVI
736 367 953 424 PRAEFATIO.

207 533 317 616 capita
339 532 452 598 XVIII
467 557 535 618 sqq.
558 534 593 597 in
617 555 709 597 suum
733 554 826 597 usum
849 533 1018 616 convertit,
1040 532 1192 616 reliquos,
1214 531 1331 616 quibus
1355 531 1485 615 quidem

207 640 246 704 16
270 639 468 724 Vergiliauis
492 641 588 704 rebus
612 639 735 723 agitur,
757 639 923 725 neglexit?
966 639 1088 703 etenim
1112 661 1151 703 ex
1173 638 1226 703 his
1250 637 1427 723 quidquam
1450 640 1486 703 in

206 745 396 811 Danielinos
421 747 546 811 codices
569 746 818 829 transscriptum
837 767 908 810 esse
926 767 993 810 non
1010 748 1120 829 potest
1138 745 1264 810 idoneis
1285 747 1485 829 argumentis

182 837 347 937 probari.
387 854 425 919 cf.
440 857 563 938 quaest.
579 851 666 918 Serv.
680 876 711 936 p.
725 854 777 918 48.
800 853 939 936 denique
962 856 1000 916 nt
1023 874 1097 916 eum
1121 852 1176 937 qui
1198 853 1376 935 pleniorem
1401 874 1485 917 com-

207 960 402 1024 mentarium
431 959 613 1043 composuit
641 960 681 1023 ab
710 959 822 1024 eodem
850 981 914 1043 qno
937 957 1140 1024 Macrobium
1168 963 1300 1024 auctore
1324 981 1383 1023 sua
1405 959 1485 1041 peti·

206 1067 292 1131 risse
325 1067 581 1131 demonstrarem
614 1066 700 1150 quod
733 1066 825 1130 illum
858 1065 897 1129 de
926 1065 1026 1130 sacris
1054 1065 1151 1129 rebus
1181 1066 1282 1130 multo
1311 1065 1407 1148 plura
1434 1088 1485 1130 ex-

206 1173 406 1256 prompsisse
436 1173 502 1237 dixi
531 1195 628 1257 quam
651 1172 868 1250 Macrobium,
892 1172 925 1236 id
947 1171 1066 1236 Linkio
1089 1172 1211 1236 nullius
1235 1172 1392 1236 momenti
1415 1194 1486 1237 esse

207 1280 314 1344 risum
338 1284 401 1365 est,
434 1280 511 1364 quia
533 1279 625 1345 tertii
648 1278 909 1344 Saturnaliorum
933 1279 1009 1343 libri
1034 1279 1121 1343 haud
1146 1279 1263 1363 engua
1286 1303 1362 1363 pars
1385 1281 1484 1344 inter·

206 1386 289 1451 ierit.
327 1408 393 1450 non
415 1391 496 1469 puto
520 1408 583 1471 quo
607 1388 753 1469 tempore
777 1386 983 1470 quaestiones
997 1383 1178 1451 'Servianas
1203 1387 1388 1470 scripserim
1412 1409 1483 1451 eam

147 1522 148 1526 ¹
206 1516 274 1558 rem
303 1517 322 1558 a
350 1517 401 1559 me
428 1494 612 1580 neglectam
641 1515 724 1558 esse:
760 1516 837 1558 nam
865 1493 961 1576 plura
983 1493 1131 1576 profecto
1144 1492 1169 1578 ¹)
1194 1493 1235 1558 ad
1258 1516 1331 1558 eum
1355 1492 1485 1577 librum,

206 1623 269 1685 quo
303 1605 340 1665 ut
362 1601 547 1666 Macrobius
580 1601 627 1665 ita
658 1602 813 1686 plenioris
848 1601 1072 1665 commentarii
1105 1604 1217 1665 auctor
1248 1600 1376 1664 videtur
1406 1622 1483 1663 usus

208 1718 286 1792 6116,
310 1711 384 1792 apte
408 1708 601 1791 referuntur,
624 1730 721 1791 quam
744 1712 781 1772 ut
803 1707 948 1772 hiatibus
967 1708 1023 1792 qui
1042 1708 1076 1771 in
1095 1708 1202 1790 prima
1220 1711 1253 1770 61
1272 1705 1378 1770 media
1395 1706 1485 1770 tertii

206 1813 466 1880 Saturnaliorum
488 1815 564 1879 libri
587 1817 681 1897 parte
705 1818 790 1896 sunt,
813 1814 922 1878 omnia
944 1814 1063 1878 hausta
1086 1835 1156 1878 esse
1179 1812 1247 1876 veri
1270 1811 1377 1876 simile
1401 1812 1452 1875 sit.

294 1919 375 1984 (lum
399 1919 557 1984 Macrobii
581 1923 615 1983 et
633 1919 808 1990 Danielini
823 1920 1088 1984 commentatoris
1112 1941 1285 1984 consensus
1310 1918 1351 1982 ad
1376 1940 1484 1983 sacras

204 2049 256 2091 res
289 2026 494 2110 explicandas
527 2029 666 2092 maxime
698 2027 874 2111 pertineat,
906 2031 1077 2110 utrumque
1110 2026 1315 2110 grammatici
1348 2026 1483 2090 alicuius

205 2133 431 2197 auctoritatem
454 2138 599 2198 secutum
623 2156 693 2199 esse
717 2132 837 2198 conieci
860 2129 997 2217 (quaest.
1012 2130 1099 2196 Serv.
1113 2155 1144 2215 p.
1159 2130 1215 2217 52)
1239 2133 1295 2217 qui
1318 2154 1482 2196 sacrarum

203 2261 312 2303 rerum
336 2239 548 2324 antiquitates
572 2263 592 2304 a
615 2241 761 2325 Vergilio
785 2244 1054 2304 commemoratas
1079 2261 1142 2304 uno
1165 2239 1250 2304 libro
1275 2239 1483 2322 comprehen-

203 2345 305 2410 disset
328 2349 362 2409 et
387 2345 588 2429 explicasset
639 2369 711 2411 eam
736 2346 953 2411 coniecturam
977 2345 1112 2410 Linlrius
1136 2370 1166 2431 p.
1190 2346 1232 2410 29
1249 2368 1317 2429 sqq.
1342 2345 1387 2411 sic
1409 2367 1481 2430 pro·

204 2452 310 2535 bavit,
342 2455 379 2515 ut
409 2451 610 2518 Macrobium
639 2456 768 2537 partem
792 2475 923 2518 suorum
951 2475 968 2517 e
996 2453 1108 2518 libello
1133 2452 1272 2536 quodam
1296 2452 1350 2516 ‘de
1374 2453 1481 2516 verbis
1510 2503 1513 2510 .

208 2558 307 2622 sacris
332 2560 382 2622 vel
406 2559 638 2624 sacrificalibus
663 2583 682 2624 a
706 2559 854 2643 Vergilio
878 2563 964 2624 recte
988 2557 1180 2642 usurpatis',
1204 2562 1330 2642 partem
1354 2581 1371 2622 6
1394 2558 1481 2623 libro

119 2722 122 2726 ,
208 2665 317 2748 aliquo
346 2687 410 2749 quo
438 2688 490 2730 res
519 2664 682 2752 (Realien)
706 2665 915 2749 Vergilianae
942 2666 1051 2731 nescio
1080 2687 1144 2749 quo
1172 2665 1284 2730 ordine
1313 2670 1481 2730 enarratae

206 2772 353 2854 fuissent,
376 2773 540 2837 derivasse
563 2773 693 2837 diceret.
728 2795 806 2837 nam
830 2774 885 2857 qui
907 2773 994 2837 hunc
1012 2771 1133 2837 librum
1152 2772 1387 2857 composuisset
1405 2794 1481 2836 eun·
1540 2757 1543 2763 ’

208 2877 281 2942 dem
309 2879 399 2943 tertii
423 2877 680 2944 Saturnaliorum
708 2880 784 2944 libri
813 2880 957 2964 capitum
983 2879 1126 2963 18-20,
1159 2880 1276 2963 quibus
1301 2879 1340 2944 de
1362 2901 1481 2944 nucum

207 2985 367 3048 malorum
391 2986 535 3069 pirorum
558 2987 691 3051 ficorum
715 2987 859 3052 olearum
883 2995 1019 3050 uvarum
1038 2985 1210 3070 generibus
1230 2985 1358 3050 Servius
1377 2987 1482 3071 loqui·

204 3094 268 3175 tur,
291 3096 456 3157 auctorem
479 3093 578 3157 fuisse
602 3094 665 3158 sibi
688 3094 859 3177 persuasit.
908 3093 971 3158 hoc
994 3079 1239 3178 ipsum⁰vereor
1262 3099 1298 3158 ut
1322 3095 1402 3158 satis
1426 3093 1481 3156 fir·

204 3198 266 3262 mis
297 3199 499 3282 argumentis
528 3199 702 3284 probatum
733 3200 790 3264 sit:
827 3222 902 3264 nam
931 3200 1138 3283 quaestiones
1167 3199 1241 3263 illae
1265 3200 1304 3264 de
1328 3200 1480 3265 arborum

202 3303 361 3368 fructibus
384 3304 565 3388 institutae,
589 3327 786 3393 quamquam
800 3305 984 3391 Vergiliani
1006 3328 1117 3370 versus
1142 3305 1269 3390 aliquot
1291 3307 1371 3372 locis
1396 3328 1480 3373 com-

203 3414 433 3494 memorantur,
457 3413 496 3477 ad
507 3411 773 3498 Vergilianorum
793 3412 972 3477 carminum
991 3412 1295 3495 interpretationem
1315 3413 1394 3478 adeo
1414 3436 1479 3478 non

202 3517 380 3601 pertinent,
402 3521 439 3582 nt
461 3540 528 3583 non
551 3520 682 3602 possint
705 3542 722 3584 6
744 3519 828 3584 libro
853 3519 982 3603 qualem
1001 3518 1138 3583 Linkius
1164 3519 1338 3602 descripsit
1356 3520 1478 3602 petItae

203 3645 283 3688 esse.
315 3645 352 3688 ac
366 3646 405 3688 ne
422 3624 503 3690 illud
518 3626 648 3710 quidem
667 3627 834 3711 intellego,
858 3648 914 3690 cur
937 3627 978 3690 ab
1003 3626 1068 3690 alio
1093 3625 1131 3689 de
1155 3625 1273 3709 verbis,
1296 3627 1337 3690 ab
1358 3627 1421 3692 alio
1441 3627 1479 3691 de

204 3730 300 3794 rebus
316 3730 416 3794 sacris
432 3731 609 3816 aVergilio
624 3731 779 3797 adhibitis
795 3732 951 3814 scriptum
966 3753 1037 3795 esse
1051 3735 1212 3813 putemus.
1234 3733 1290 3798 sed
1304 3738 1479 3818 antequam

203 3837 285 3901 alios
313 3837 490 3922 corrigam,
522 3861 629 3903 meum
662 3837 822 3922 quendam
854 3858 995 3901 errorem
1019 3838 1246 3922 corrigendum
1277 3861 1348 3905 esse
1377 3840 1480 3923 video,

203 3965 267 4028 quo
298 3943 375 4007 libri
405 3943 494 4009 illius
525 3946 753 4029 argumentum
782 3942 879 4006 nimis
910 3942 1034 4026 enguis
1061 3944 1210 4009 terminis
1239 3945 1317 4010 olim
1346 3945 1479 4011 circum·

207 4049 331 4133 scripsi.
382 4051 501 4115 etenim
531 4073 603 4115 cum
627 4048 886 4114 Saturnaliorum
911 4049 1103 4133 scriptorem
1126 4054 1196 4115 tum
1218 4051 1364 4117 Danielis
1389 4053 1479 4118 scho-

202 4157 322 4221 liasten
354 4157 441 4221 haud
471 4158 583 4242 paucis
615 4157 696 4223 locis
729 4157 761 4220 id
792 4157 898 4241 egisse
927 4157 1072 4221 videmus
1103 4161 1140 4221 ut
1168 4158 1315 4223 doctrina
1338 4157 1479 4243 Vergilii

204 4286 301 4348 quam
321 4263 451 4328 subtilis
471 4286 632 4349 quamque
651 4264 819 4329 recondita
835 4263 952 4328 suisset
970 4263 1202 4330 ostenderetur.
1231 4265 1315 4350 quod
1335 4265 1478 4329 studium

201 4372 263 4436 etsi
296 4372 331 4436 in
362 4371 408 4435 611
431 4371 579 4436 versibus
609 4370 796 4435 enarrandis
825 4370 965 4435 maxime
989 4371 1130 4436 cernItur
1153 4371 1271 4456 quibus
1303 4371 1477 4457 religiones

201 4477 422 4543 Romanorum
451 4481 549 4560 poeta
579 4477 692 4562 attigit
701 4474 727 4563 2)
733 4527 742 4560 ,
774 4479 884 4540 tamen
907 4478 1005 4542 etiam
1028 4479 1063 4544 in
1086 4479 1160 4543 aliis
1184 4478 1280 4543 rebus
1305 4479 1403 4544 altius
1427 4502 1477 4545 co·

275 4653 300 4720 1)
319 4651 408 4705 veluti
425 4669 498 4721 quae
517 4652 551 4706 de
570 4650 699 4721 augurali
717 4649 865 4719 disciplina
884 4652 979 4707 multis
997 4653 1074 4722 locis,
1093 4653 1128 4708 de
1142 4652 1263 4709 flaminis
1277 4656 1307 4709 et
1320 4653 1478 4710 flaminicae

202 4729 378 4785 caerimoniis
396 4730 425 4786 in
445 4732 537 4800 quarti
555 4732 621 4787 libri
648 4732 849 4790 commentario
868 4732 995 4801 exposita
1021 4734 1093 4788 sunt.
1211 4736 1238 4803 2)
1263 4734 1297 4789 cf.
1317 4734 1375 4789 Sat.
1394 4735 1433 4788 III
1453 4739 1478 4803 2,

203 4812 267 4866 ret
293 4817 338 4878 1⁰3
368 4818 397 4879 4,
422 4818 437 4866 6
467 4817 495 4867 61
524 4818 570 4877 10;
599 4818 624 4880 6,
655 4818 677 4866 1.
715 4812 751 4866 ad
778 4813 847 4866 Aen.
875 4812 888 4865 Ι
916 4816 982 4878 305,
1008 4830 1036 4880 p.
1066 4818 1125 4882 112,
1153 4820 1198 4880 13;
1225 4833 1253 4883 p.
1283 4820 1346 4884 117,
1374 4821 1422 4884 263
1449 4833 1478 4886 p.
