3396 5422
246 359 313 424 472
821 361 943 416 snavn
998 440 1000 444 Α

246 521 364 588 Oereri'
393 544 487 605 usqne
510 523 641 606 ‘iuoalia
668 523 786 588 ennae’.
831 546 885 588 nee
911 546 974 589 non
1001 546 1103 603 areae,
1132 526 1200 590 lieet
1229 526 1358 608 oblique,
1385 531 1523 590 attamen

245 630 405 710 manifeste
426 633 565 696 meminit
588 624 655 697 ‘aut
675 637 746 696 ante
763 653 819 696 333
837 634 926 697 deum
939 633 1071 714 pinques
1088 634 1242 714 spatiatur
1260 635 1303 696 ad
1318 631 1427 698 aras':
1450 634 1527 714 quid

245 739 327 802 enim
349 743 394 803 est
416 737 610 821 ‘spatiatur',
633 760 727 820 auam
748 741 848 820 spatio
872 740 929 804 lati
953 740 1009 804 loei
1031 739 1229 804 obambulat?
1254 738 1398 804 ‘munt'
1421 745 1524 805 aarum

239 847 368 932 3333333
395 847 491 924 eliait;
519 846 562 910 ael
587 849 719 912 maiores
746 848 828 911 enim
855 848 910 927 qui
932 848 1046 911 aceedit
1067 847 1146 932 †ait
1172 848 1297 910 soanoni
1323 848 1455 930 sianum.

211 969 434 1030 oracnnavn
459 952 720 1036 benivolentiam,
743 958 779 1018 ut
801 953 851 1036 <X
874 954 938 1036 31>
960 955 995 1017 si
1016 954 1096 1017 sin-e
1118 974 1210 1035 paee
1238 958 1301 1017 tua
1334 958 1441 1032 atque
1467 956 1524 1019 in-

244 1062 320 1126 3333
352 1062 508 1125 numine.
599 1077 664 1123 nna
691 1078 778 1126 3333
812 1078 1014 1137 anaviavnr
1051 1060 1097 1124 oel
1128 1062 1214 1142 apud
1239 1081 1327 1140 aras,
1364 1061 1410 1124 uel
1443 1063 1524 1126 inter

245 1189 329 1252 aras,
351 1173 387 1231 ut
410 1166 478 1249 <lx
501 1166 588 1250 416>
612 1165 649 1231 ‘it
670 1166 761 1230 basta
785 1166 869 1249 Tana
887 1188 946 1249 per
971 1172 1088 1248 tenuris
1110 1167 1297 1248 utriumque&
1335 1166 1522 1250 ‘anquirunt'

245 1281 356 1353 numm,
379 1273 413 1338 id
437 1277 487 1338 est
511 1273 720 1338 sacrificando
745 1274 925 1358 explorant,
949 1295 991 1337 an
1013 1274 1057 1336 dii
1080 1274 1201 1338 vellent
1223 1274 1299 1339 huie
1322 1275 1368 1339 rei
1392 1297 1523 1340 eonsen-

244 1383 317 1447 tire.
364 1381 499 1445 dicendo
523 1382 630 1444 autem
655 1379 723 1464 ‘per
746 1379 842 1460 aras'‚
862 1381 1076 1464 aruspicalem
1098 1384 1202 1444 artem
1220 1382 1372 1466 ostendit,
1392 1386 1429 1446 ut
1449 1382 1524 1467 ‘spi-

194 1471 228 1555 i0
247 1489 354 1554 rantia
384 1488 525 1552 consulit
552 1485 652 1552 exta’.
701 1489 761 1552 duo
789 1488 872 1551 enim
895 1507 1008 1569 9333333
1034 1486 1205 1551 hostiarum
1233 1493 1322 1552 sunt·
1350 1510 1462 1574 unium,
1489 1491 1524 1554 in

246 1618 305 1677 ouo
327 1597 468 1660 noluntas
490 1596 538 1660 clei
556 1615 613 1676 pen
636 1599 705 1658 enta
731 1594 920 1676 3333333333,
944 1594 1088 1677 alterum,
1111 1595 1146 1657 in
1168 1615 1227 1676 quo
1249 1595 1316 1659 sola
1339 1597 1448 1660 anima
1471 1598 1524 1661 deo

246 1708 404 1769 sanatur:
422 1704 503 1768 umle
521 1704 614 1767 etiam
632 1702 786 1784 ariapiees
805 1701 954 1775 animales
972 1700 1086 1766 bestias
1104 1702 1268 1784 appellant.
1301 1705 1406 1767 sealde
1423 1705 1537 1786 euplo--

246 1813 348 1875 nanda
369 1811 523 1875 uoluntate
545 1810 652 1874 dimna
678 1809 727 1873 bie
749 1810 895 1890 expressit
916 1810 1040 1873 dicendo
1070 1808 1240 1890 ‘spirantia
1267 1811 1398 1875 considit
1423 1810 1524 1875 enta’.

246 1918 395 1982 animalis
417 1938 485 1982 3333
508 1917 622 1981 hostiae
643 1918 769 1998 spectem
792 1917 922 1980 ostendit
941 1915 995 1979 ubi
1012 1915 1171 1980 Entellum
1187 1916 1265 1996 sarit
1281 1917 1379 1999 Eruci
1398 1923 1522 1982 taurum

195 2044 228 2090 15
248 2029 430 2089 munuum
452 2025 555 2088 ‹lioens
582 2022 632 2106 <V
656 2023 742 2106 483>
770 2023 862 2086 bane
890 2022 970 2100 tibi,
996 2022 1116 2105 Eryco,
1145 2023 1330 2088 meliorem
1358 2025 1522 2088 animam

240 2153 309 2213 pro
332 2136 444 2196 morte
465 2129 623 2195 Daretis
641 2131 818 2211 pensoloo.

334 2239 385 2303 57.
422 2254 586 2303 macnarii
609 2237 745 2302 verbum
776 2258 954 2319 sacrorum,
982 2229 1053 2300 κατ’
1084 2229 1295 2320 εὐφημισμόν
1324 2238 1457 2320 dictum,
1484 2241 1521 2302 ut

176 2336 184 2347 κ
246 2345 388 2428 adolere,
411 2367 487 2408 nam
512 2341 685 2408 ‘mactare'
709 2343 838 2427 proprie
857 2346 907 2406 est
931 2341 1052 2427 ‘magis
1072 2343 1215 2428 augere'.
1284 2343 1435 2430 (3333333
1458 2366 1521 2410 oer-
1554 2357 1557 2364 '

245 2453 316 2516 bum
338 2474 495 2518 sanorum
518 2446 589 2516 κατ’
621 2445 833 2534 stabulanda
861 2449 1002 2536 autrum)
1030 2452 1120 2532 quasi
1147 2453 1247 2534 manis
1273 2456 1413 2516 austum:
1441 2454 1522 2517 unde

192 2579 226 2626 20
245 2565 274 2624 et
295 2565 501 2643 maomentum
523 2559 673 2642 dicebant,
701 2558 792 2640 quasi
814 2559 917 2622 maius
943 2563 1149 2640 amonerentum.
1194 2560 1268 2624 olim
1295 2561 1377 2623 enim
1405 2560 1521 2625 bostiae

246 2666 443 2733 ‘inimolatae'
467 2668 644 2732 dicebantur
666 2667 748 2730 mola
770 2666 855 2730 salsa
879 2671 990 2742 laetae·
1014 2687 1083 2729 eum
1104 2687 1173 2731 3333
1196 2667 1274 2730 iotae
1296 2672 1325 2731 et
1345 2667 1468 2749 aliquid
1484 2689 1521 2732 en

244 2775 309 2840 illis
330 2777 366 2839 in
388 2796 477 2839 anam
499 2777 615 2853 datum,
639 2772 811 2838 ‘iruaotatae'
835 2774 1012 2838 elieebanlun
1037 2776 1107 2855 [per
1130 2774 1350 2855 laudationem]
1371 2795 1428 2861 per
1450 2776 1521 2840 boni

244 2885 343 2948 omnis
365 2883 628 2965 siyuifieationem.
695 2897 825 2946 ancras
849 2898 1020 2946 mannans
1044 2904 1109 2946 non
1132 2886 1227 2946 vacat
1250 2880 1397 2966 ‘lectas'3
1420 2883 1519 2946 moris

244 2991 330 3054 enim
352 2990 458 3053 fuerat
480 2994 517 3053 ut
540 2989 580 3053 ad
604 2988 763 3053 sacrificia
791 2987 988 3072 eligerentur
1016 3010 1104 3073 oves,
1133 2989 1248 3072 quibus
1275 2990 1358 3054 nihil
1387 2990 1520 3075 deesset,

318 3173 349 3220 10
368 3166 423 3219 duo
443 3164 517 3218 enim
536 3181 639 3233 genera
656 3181 679 3217 e.
695 3183 720 3232 q.
736 3163 769 3234 3.]
789 3163 824 3219 ef.
844 3164 965 3217 Macrob.
986 3163 1043 3218 Sat.
1063 3165 1101 3218 III
1121 3173 1146 3233 5,
1167 3172 1252 3233 lsqq.
1268 3166 1277 3234 Ι(
1293 3171 1324 3218 17
1344 3165 1459 3220 verbum
1478 3184 1519 3220 33-

245 3256 352 3293 crorum
372 3254 394 3291 e.
410 3256 436 3305 q.
452 3236 485 3306 3.]
506 3237 540 3290 ol.
561 3234 635 3289 Suet.
654 3234 753 3304 fragm.
773 3254 800 3304 p.
820 3241 872 3289 273
891 3236 923 3291 R.
961 3235 1050 3290 Varro
1065 3238 1091 3290 d.
1110 3236 1128 3291 l.
1144 3237 1162 3290 l.
1182 3237 1206 3289 V
1222 3243 1272 3290 112
1286 3239 1296 3306 (Ι
1310 3243 1343 3290 23
1362 3253 1419 3290 non
1437 3240 1520 3291 vacat

246 3354 251 3365 .
272 3353 278 3365 .
299 3354 305 3365 .
324 3307 469 3377 iuvencos]
490 3308 524 3364 ef.
543 3307 612 3362 Don.
632 3307 669 3360 ad
689 3308 751 3361 Ter.
770 3307 830 3362 hee.
850 3307 862 3360 l
883 3313 906 3376 1,
926 3313 941 3360 9

244 3421 352 3428 -0—.-
367 3420 456 3425 .—

317 3478 330 3525 1
351 3470 457 3540 Cereril
477 3466 562 3522 ceteri
581 3467 631 3535 Τ(
645 3484 696 3521 333
713 3485 769 3522 non
788 3469 818 3521 et
838 3468 863 3520 Τ
874 3469 884 3538 ΙΙ
898 3484 979 3523 areae
993 3469 1188 3523 Burmannus:
1207 3485 1271 3524 arae
1290 3470 1407 3538 33333112
1422 3469 1518 3522 memi-

243 3543 286 3597 nit
309 3543 358 3597 aut
381 3542 528 3622 Habemus:
550 3539 592 3593 ita
609 3542 642 3592 ut
660 3539 691 3592 F
715 3543 765 3592 ant
786 3540 851 3593 Fet
869 3541 1007 3606 Ambrae,
1035 3542 1067 3594 in
1089 3557 1141 3608 auo
1160 3546 1224 3609 post
1247 3539 1393 3595 manifeste
1416 3542 1519 3595 lacuna

243 3616 368 3669 indicata
386 3618 431 3666 est.
413 3611 492 3665 tit
510 3612 560 3665 aut
578 3612 682 3665 Daniel
700 3616 725 3664 et
744 3609 922 3665 Oommelinne
942 3614 975 3666 ut
992 3614 1042 3667 aut
1060 3613 1215 3666 Massicins
1234 3612 1303 3667 feeit
1321 3613 1388 3681 (3333
1407 3614 1518 3667 mentio-

242 3689 313 3754 nem)
333 3688 390 3768 aut·
400 3685 582 3738 Burmannus
594 3685 634 3751 ((3
651 3683 694 3736 est
712 3698 761 3738 om
777 3683 901 3740 Ambrae.
916 3684 925 3752 ΙΙ
939 3683 1003 3754 lati]
1022 3683 1075 3738 tali
1093 3685 1217 3740 Ambrae
1232 3687 1272 3754 ((4
1291 3684 1393 3739 accidit
1412 3683 1464 3752 Fu
1478 3683 1519 3738 ait

243 3757 355 3812 soanori
369 3755 479 3824 signum
494 3754 523 3807 F
531 3759 555 3808 et
564 3755 648 3808 Rern.
658 3759 707 3807 167
723 3753 764 3807 ait
778 3753 856 3808 oneri
870 3755 980 3824 signum
992 3755 1115 3810 Ambrae.
1136 3761 1199 3810 ante
1212 3755 1292 3810 oneri
1305 3760 1404 3840 etpost
1417 3757 1519 3809 laeana

242 3830 376 3883 inclinata.
400 3825 468 3881 lacit
481 3825 629 3880 honorie'
608 3843 718 3894 signum
735 3825 846 3879 Vossius
860 3826 910 3879 dat
923 3826 1072 3881 honoris'
1051 3845 1160 3896 signum
1176 3829 1338 3882 Maenioins.
1368 3823 1498 3892 ξόανον
1486 3845 1518 3880 nn

243 3900 352 3954 soanori
367 3901 449 3953 latere
462 3899 532 3952 oeni.
542 3898 730 3950 Burmannus
759 3897 828 3951 adit.
842 3894 982 3962 §baooo'
961 3916 1071 3968 mgnum
1086 3899 1233 3968 Haqenus,
1253 3901 1299 3954 ani
1315 3901 1357 3953 ita
1327 3899 1478 3953 adeon
1455 3903 1518 3964 333

242 3967 395 4036 333ξόανον
414 3969 524 4038 signum
543 3969 685 4022 secludant
674 3973 719 4021 tur
732 3969 772 4036 (16
791 3968 837 4021 331
855 3968 930 4038 apud
948 3987 1034 4024 arae.
1050 3970 1209 4025 Dstaretis
1228 3970 1357 4039 persolvo
1376 3971 1436 4024 bob
1452 3972 1517 4023 Am·

243 4043 386 4112 broslart
404 4057 454 4110 per
473 4057 535 4095 aras
553 4056 628 4108 supr.
647 4056 714 4094 3333.
733 4041 783 4093 333
799 4039 872 4094 inter
890 4057 952 4094 aras
971 4043 1021 4094 aut
1038 4058 1088 4110 per
1107 4058 1168 4096 aras
1190 4042 1266 4111 Tus
1285 4058 1321 4095 an
1340 4041 1380 4095 dii
1398 4058 1448 4096 om.
1463 4041 1517 4111 Fl'

243 4113 272 4167 di
290 4114 321 4167 Ν
325 4114 358 4166 Η
362 4114 399 4166 Μ
419 4114 428 4182 ΙΙ
451 4110 540 4166 uelint
560 4113 597 4165 M
617 4113 627 4182 (Ι
649 4117 665 4165 9
683 4128 733 4180 per
751 4127 801 4165 om.
821 4112 847 4163 L
869 4113 879 4181 (Ι
901 4127 956 4164 33;
938 4112 1122 4181 ruspioalem
1142 4112 1169 4165 L
1187 4114 1212 4182 (r
1230 4114 1272 4166 lit'
1252 4117 1335 4177 333333,
1353 4117 1384 4166 ut
1401 4115 1517 4181 uidetur,

242 4189 332 4255 33333)
351 4184 556 4254 auruspiealem
573 4182 611 4236 M
636 4183 807 4251 auspicatam
820 4183 945 4236 Ambrae.
960 4189 985 4237 et
999 4183 1032 4236 St
1021 4184 1154 4251 tephanus
1167 4186 1176 4254 (Ι
1190 4184 1234 4254 33]
1253 4183 1327 4237 unde
1342 4187 1383 4238 333
1371 4183 1429 4238 tF
1444 4156 1517 4238 undd

243 4259 272 4310 et
285 4258 408 4311 Ambrae.
424 4258 433 4325 ΙΙ
448 4261 558 4308 103333
572 4254 627 4307 duo
642 4270 744 4323 genera
758 4254 912 4308 hostiarum
926 4256 1028 4309 sunt..
1040 4255 1171 4309 .Daretis
1187 4256 1340 4325 persoluo
1328 4273 1360 4309 333
1373 4256 1516 4323 333333Τ

244 4334 276 4382 13
296 4327 392 4382 diuina
410 4327 556 4414 uoluntate
575 4326 722 4411 Ambrosll
739 4326 786 4379 hro
804 4342 853 4380 om.
873 4326 1021 4394 Ambrosii
1041 4332 1073 4380 16
1093 4344 1199 4382 morem
1218 4327 1248 4380 F
1259 4327 1269 4396 Ι(
1289 4333 1320 4381 17
1340 4327 1455 4380 uerbum
1475 4343 1517 4379 33-

242 4417 431 4554 tritula
449 4392 966 4550 33333333.3333ρὲ33333
985 4400 1187 4525 {illitati
1187 4396 1516 4524 {albstat

242 4543 362 4597 mismon
375 4543 440 4596 LH
443 4543 480 4594 M
491 4542 501 4610 Ι(
516 4546 548 4594 19
566 4539 673 4594 dietum
692 4540 770 4608 quasi
788 4540 904 4609 magis
920 4582 926 4595 .
942 4556 1018 4609 .per
1036 4541 1102 4595 boni
1120 4540 1269 4608 hominis(
1259 4542 1319 4609 (333)
1337 4539 1516 4610 significatio·

242 4631 306 4668 nem
324 4618 356 4668 33
344 4614 541 4668 a.d.olere
560 4627 690 4681 augere
709 4611 739 4663 F
754 4613 764 4681 (Ι
782 4612 893 4666 adolere
912 4629 977 4666 nam
996 4612 1038 4665 F:
1057 4613 1202 4667 adolerent
1218 4612 1252 4665 N
1254 4612 1288 4665 H
1292 4613 1329 4665 M
1354 4612 1517 4666 adorantL

242 4685 397 4753 (adolerent
411 4688 429 4754 l)
443 4688 453 4755 Ι(
467 4691 501 4739 20
520 4685 702 4769 magnentunr
721 4681 752 4734 F
763 4684 772 4751 (Ι
786 4687 965 4753 augmentam
983 4683 1014 4737 F
1025 4687 1034 4754 (Ι
1048 4684 1122 4738 enim
1141 4701 1191 4738 om.
1210 4685 1404 4753 3333331121
1424 4685 1516 4738 factm

241 4757 364 4811 Ambrae.
380 4759 389 4827 Ι(
403 4764 436 4811 22
456 4757 566 4826 datum]
586 4755 683 4809 data·
673 4771 683 4808 1
702 4754 732 4807 F
743 4755 772 4839 ΙΙ
767 4755 889 4809 mactate
907 4756 937 4809 F
948 4758 958 4825 Ι(
971 4773 1021 4825 per
1039 4756 1227 4810 laudationem
1246 4756 1337 4809 omisit
1352 4755 1515 4810 Masoieins.

241 4829 349 4882 uidetur
367 4830 510 4883 locutionis
529 4821 592 4881 κατ’
613 4820 791 4896 εὐφημισμόν
809 4827 840 4880 in
841 4829 982 4895 3333333333
970 4843 997 4882 m
1015 4829 1091 4896 33331(
1109 4833 1143 4882 23
1162 4847 1259 4882 aaaron
1278 4827 1471 4898 Η1133333333
1489 4827 1516 4880 L
