3396 5422
256 387 358 442 LXXII
783 383 999 440 PRAEFATIO.

255 554 342 638 tores
366 550 537 634 pontifices
562 549 665 614 dictos
689 570 774 632 esse,
796 547 1016 613 Mommsenus
1037 544 1163 636 (Roem.
1179 545 1316 613 Staatsr.
1331 545 1377 611 ΙΙ1
1400 571 1431 632 p.
1449 550 1532 614 1021

256 657 362 722 adnot.
387 654 422 741 4)
453 678 525 720 eum
554 677 677 720 morem
708 654 748 719 ad
772 677 891 720 annum
915 653 981 719 375
1010 654 1169 719 mansisse
1199 654 1322 743 dqcuit,
1353 679 1416 740 quc
1448 679 1533 721 anno

255 761 432 829 Gratianus
456 764 634 846 imperator
657 762 761 826 factus
789 760 957 844 pontificis
973 783 1089 826 nomen
1104 761 1296 845 repudiavit.
1339 784 1533 847 quamquam

196 867 199 872 ’
254 872 330 937 nolo
356 893 393 934 ex
418 891 455 935 ea
478 892 513 933 re
537 869 575 934 de
598 869 701 952 ipsius
721 868 950 934 commentarii
969 872 1115 951 tempore
1130 869 1348 934 coniecturam
1371 869 1455 934 fieri:
1478 893 1534 953 po·

254 981 321 1044 test
350 977 436 1042 enim
469 977 701 1062 grammaticus
733 975 818 1061 quod
847 976 971 1040 iuvenis
1002 998 1091 1041 more
1115 979 1279 1059 receptum
1309 998 1378 1042 esse
1408 976 1534 1042 viderat

254 1107 370 1169 parum
394 1088 542 1148 accurate
571 1083 610 1148 ad
634 1082 821 1148 inferiorem
845 1086 987 1147 aetatem
1011 1083 1227 1148 transtulisse.
1268 1106 1345 1148 nam
1373 1105 1533 1148 commen·

254 1191 374 1256 tarium
399 1191 527 1275 aliquot
550 1191 644 1255 annis
668 1194 743 1273 post
767 1190 924 1273 seriptum
948 1211 1018 1254 esse
1041 1189 1129 1254 hand
1153 1190 1219 1254 scic
1245 1189 1361 1254 arrhis
1385 1191 1532 1255 ostenda·

254 1303 308 1363 tur
332 1320 413 1383 quae
433 1299 472 1362 ad
496 1296 576 1362 Aen.
590 1295 654 1361 VII
670 1296 735 1360 604
759 1294 847 1360 ‘sive
867 1293 958 1360 Getis
982 1296 1101 1360 inferre
1125 1319 1222 1361 manu
1245 1297 1446 1361 lacrimabile
1465 1297 1531 1361 bel-

254 1404 339 1470 lum’
372 1405 536 1488 adscripta
558 1406 635 1468 sunt
658 1401 810 1468 Getarum
837 1403 908 1484 feru
934 1424 1009 1487 pens
1041 1405 1153 1468 etium
1183 1405 1269 1486 apud
1295 1405 1428 1470 maiores
1455 1405 1533 1485 ficit:

254 1534 350 1596 quae,
375 1534 447 1576 eum
472 1510 598 1576 Gothos
623 1510 682 1574 illa
706 1513 814 1574 aetate
838 1507 938 1574 Getas
968 1507 1076 1575 a'non
1099 1511 1200 1575 nullis
1223 1511 1327 1575 dictos
1359 1533 1429 1575 esse
1457 1534 1531 1577 con-

256 1621 333 1701 stet,
357 1617 397 1682 ad
421 1615 537 1681 Italica
553 1616 677 1681 Alarici
691 1616 777 1680 bella
800 1616 962 1699 pertinere
986 1637 1052 1681 non
1077 1616 1145 1680 sine
1165 1617 1275 1702 aliqua
1297 1618 1531 1701 probabilitate

255 1725 400 1790 conicere
424 1724 544 1788 videor.
586 1727 729 1788 ceterum
751 1723 838 1788 haud
856 1724 968 1807 paucis
992 1723 1071 1788 locis
1092 1722 1223 1789 Servius
1248 1729 1392 1790 veterum
1415 1725 1532 1791 Roma·

252 1855 372 1897 norum
397 1853 503 1895 mores
527 1834 561 1895 et
584 1831 736 1895 inst‘tuta
760 1833 793 1894 et
816 1831 1030 1896 caerimonias
1058 1832 1105 1896 ita
1131 1834 1410 1918 commemoravit,
1432 1836 1470 1898 ut
1494 1856 1532 1898 ea

253 1962 313 2004 sua
336 1939 435 2002 etiam
460 1940 566 2002 aetate
590 1937 756 2002 observari
780 1936 901 2001 diceret
910 1935 948 2022 ¹),
979 1938 1034 2002 sed
1057 1938 1142 2002 nihil
1166 1939 1240 2002 inde
1264 1939 1410 2003 concludi
1434 1962 1530 2024 posse

253 2048 388 2130 apparet
411 2045 475 2108 nisi
499 2047 574 2109 ante
598 2048 744 2108 veterum
768 2043 1015 2108 consuetudines
1045 2048 1077 2109 et
1100 2045 1273 2131 religiones
1302 2046 1398 2130 plane
1428 2046 1528 2112 aboli-

252 2155 303 2217 tas
327 2152 422 2215 illum
445 2148 606 2237 vixissess)
648 2150 793 2215 ne‘illud
813 2150 942 2234 quidem
962 2151 999 2214 ad
1017 2153 1240 2216 commentarii
1259 2156 1386 2237 tempus
1412 2175 1531 2240 cogno-

253 2258 405 2323 scendum
438 2258 613 2343 quidquam
644 2258 796 2322 utilitatis
827 2258 929 2322 habet
961 2258 1046 2342 quod
1077 2257 1207 2325 Servius
1239 2258 1279 2324 de
1310 2260 1530 2326 locutionibus

253 2366 447 2450 quibusdam
478 2368 511 2429 et
540 2364 667 2430 dicendi
697 2368 754 2429 aut
784 2364 944 2429 scribendi
972 2365 1098 2449 legibus
1129 2366 1176 2431 ita
1205 2367 1333 2432 locutus
1364 2370 1413 2431 est
1437 2369 1529 2452 quasi

253 2495 329 2537 suae
353 2473 469 2537 aetatis
499 2473 650 2557 propriae
678 2474 801 2535 essent:
833 2471 924 2536 ouius
953 2473 1080 2556 generis
1118 2473 1242 2538 scholia
1272 2496 1309 2539 eo
1339 2476 1529 2560 plerumque

253 2584 402 2664 spectant
424 2584 462 2645 ut
486 2580 561 2665 quid
585 2579 782 2663 optimorum
806 2579 1000 2662 scriptorum
1030 2602 1091 2644 usu
1113 2584 1280 2664 receptum
1307 2585 1340 2646 et
1368 2602 1527 2667 gramma-

253 2689 393 2754 ticorum
417 2686 564 2752 doctrina
593 2686 768 2770 probatum
796 2685 839 2750 sit
862 2685 1055 2774 doceaturl)
1099 2692 1211 2753 contra
1239 2688 1273 2752 in
1300 2689 1402 2772 ipsius
1426 2687 1529 2755 Servii

253 2818 399 2861 sermone
423 2793 581 2879 quaedam
604 2791 814 2858 inveniuntur
837 2814 932 2877 quae,
957 2796 1113 2876 quantum
1138 2795 1218 2880 seio,
1241 2795 1305 2859 nisi
1324 2819 1343 2860 a
1363 2795 1528 2862 Macrobio

252 2906 285 2968 et
309 2902 428 2987 quinti,
451 2904 488 2965 ut
510 2900 652 2984 videtur,
677 2901 797 2964 saeculi
821 2900 1035 2983 scriptoribus
1055 2922 1120 2965 non
1140 2906 1215 2967 sunt
1238 2906 1403 2986 usurpata.
1425 2904 1528 2968 veluti

252 3009 337 3094 quod
362 3006 492 3073 Servius
516 3010 552 3072 ut
576 3009 685 3074 deesse
701 3007 821 3092 aliquid
836 3007 1035 3092 significaret
1049 3009 1177 3092 saepius
1193 3009 1275 3074 dixit
1298 3008 1417 3075 ‘minus
1438 3011 1529 3096 esse',

250 3116 335 3181 idem
366 3117 450 3201 apud
480 3115 683 3180 Macrobium
711 3109 794 3201 (Sat.
823 3113 839 3177 I
866 3115 902 3198 4,
929 3113 964 3200 5)
1000 3114 1130 3199 legitur.
1175 3116 1527 3201 plusquamperfectum

250 3227 379 3306 tempus
403 3245 462 3306 pro
485 3223 629 3306 perfecto
649 3223 700 3287 vel
714 3221 904 3305 imperfecto
919 3221 1076 3307 positum,
1100 3222 1186 3308 quod
1200 3224 1233 3287 in
1248 3224 1413 3307 personati
1428 3223 1528 3290 Asco-

251 3320 513 3395 nii'ccmmentis
536 3329 701 3414 Madvigio
727 3328 897 3393 offensioni
919 3329 996 3413 fuit,
1020 3328 1099 3396 Aen.
1122 3329 1138 3393 I
1162 3330 1226 3395 698
1251 3328 1296 3417 (p.
1317 3330 1390 3417 196,
1416 3330 1471 3417 10)
1496 3335 1529 3396 et

252 3434 303 3500 III
326 3438 369 3502 64
393 3434 438 3524 (p.
462 3438 537 3521 348,
563 3435 632 3522 10),
656 3459 737 3520 quos
761 3435 851 3500 locos
876 3436 1015 3518 exempli
1044 3457 1141 3502 causa
1164 3459 1395 3523 commemcrc‚
1418 3438 1529 3504 habes.

252 3543 434 3608 Tricerberi
456 3567 590 3627 nomen,
614 3565 675 3628 quo
700 3540 866 3629 Zinlrius4)
898 3546 1028 3626 praeter
1051 3542 1259 3628 Fulgentium
1289 3549 1322 3610 et
1349 3544 1527 3611 Vaticancs

251 3651 513 3736 mythographos
538 3652 639 3716 ullum
663 3649 816 3714 Latinum
840 3649 1034 3732 scriptorem
1062 3673 1156 3714 usum
1185 3674 1255 3716 esse
1277 3655 1424 3739 negavit,
1448 3652 1527 3719 Aen.

249 3756 265 3821 I
290 3758 354 3821 133
379 3779 419 3822 ex
441 3756 603 3842 Lipsiensi
631 3761 664 3821 et
687 3755 873 3821 Monacensi
896 3756 1031 3821 restitui.
1073 3755 1125 3821 his
1150 3779 1231 3841 quae
1255 3756 1384 3824 Servius
1408 3759 1487 3826 Aen.
1511 3761 1527 3825 I

253 3864 316 3928 180
339 3864 449 3946 posuit
471 3867 581 3930 uuerde
607 3884 828 3948 personarum,
852 3862 1042 3947 quibuscum
1072 3863 1210 3928 conferri
1237 3869 1375 3948 possunt
1404 3867 1484 3933 Aen.
1512 3868 1527 3932 I

252 3970 294 4033 76
318 3971 437 4036 meritis
459 3968 494 4055 (i.
518 3995 543 4036 e.
566 3968 759 4057 honoribus)
783 3969 951 4052 appellare,
975 3969 1096 4033 similia
1120 3975 1196 4036 sunt
1215 3993 1297 4056 quae
1315 3971 1526 4040 Forccllinius

250 4099 275 4141 e.
299 4099 328 4141 u.
357 4076 540 4142 ‘meritum'
572 4101 588 4143 e
617 4077 725 4142 codice
752 4075 979 4140 Theodosiano
1009 4074 1090 4140 VIII
1114 4076 1149 4161 5,
1173 4078 1193 4141 2
1221 4077 1319 4161 impp.
1348 4077 1463 4146 Aroad.
1495 4086 1528 4147 et

250 4182 374 4249 Honor.
398 4186 535 4268 protulit
559 4184 693 4250 ‘merita
720 4181 953 4268 negotiorum'.
996 4183 1060 4248 alia
1090 4206 1171 4268 quae
1199 4184 1259 4249 viri
1287 4184 1375 4251 docti
1398 4193 1529 4272 praeter

342 4444 367 4511 1)
387 4441 421 4496 cf.
442 4441 563 4511 exempli
581 4441 674 4512 gratia
687 4439 755 4494 Aen.
775 4439 813 4493 IV
834 4443 898 4506 1673
922 4436 947 4489 V
967 4442 1026 4507 113,
1047 4443 1111 4507 5623
1131 4440 1197 4496 VIII
1217 4448 1281 4509 7213
1300 4459 1395 4514 georg.
1415 4443 1464 4518 Ill,
1484 4450 1526 4499 24.

339 4524 365 4590 2)
385 4537 402 4573 a
422 4520 527 4576 Christi
545 4520 672 4575 doctrina
690 4520 758 4588 quin
778 4517 889 4574 Servius
909 4515 1016 4572 alienus
1034 4519 1120 4575 fuerit
1137 4537 1193 4575 non
1212 4524 1307 4591 potest
1325 4521 1457 4579 dubitari.
1491 4523 1525 4578 cf.

251 4601 318 4655 Aen.
339 4600 352 4653 Ι
372 4607 413 4656 79.
523 4603 550 4669 3)
571 4600 604 4655 cf.
623 4601 636 4655 Ι
657 4605 698 4669 14,
720 4605 779 4666 144,
800 4604 859 4667 147,
879 4604 939 4666 506,
959 4605 1024 4665 san
1045 4600 1069 4653 ll
1088 4605 1141 4654 275
1160 4601 1195 4656 al.
1212 4633 1243 4640 —
1261 4603 1336 4671 quod
1354 4602 1423 4657 Aen.
1443 4603 1456 4656 Ι
1474 4609 1527 4659 480

250 4679 452 4748 grammaticus
472 4679 544 4734 dixit
561 4679 640 4750 pepli
658 4678 770 4734 nomine
790 4696 840 4733 sua
858 4680 951 4734 aetate
970 4679 1073 4733 multos
1093 4680 1185 4748 abuti,
1210 4681 1267 4735 eius
1286 4680 1328 4736 rei
1346 4683 1476 4752 exempla
1498 4681 1528 4737 in

250 4759 347 4814 lexicis
366 4762 546 4830 proferuntur
565 4778 599 4816 ex
616 4759 689 4816 libro
708 4760 743 4815 de
757 4758 822 4830 trig.
837 4761 891 4829 tyr.
907 4758 1006 4828 (XXII)
1021 4761 1050 4813 et
1069 4774 1102 4812 ex
1121 4759 1239 4816 Ausonii
1262 4761 1382 4816 Mosella
1399 4764 1435 4830 (v.
1455 4765 1528 4831 419).

342 4841 369 4910 4)
389 4838 419 4893 in
439 4838 675 4896 commentatione
694 4839 728 4894 de
747 4839 898 4910 Fulgentio
917 4839 1081 4909 mythologo
1100 4859 1127 4910 p.
1147 4847 1194 4909 40,
1214 4842 1308 4899 adnot.
1328 4847 1351 4896 4.
