3396 5422
495 391 608 448 COMM.
627 394 667 447 IN
687 393 795 449 vulta.
816 393 901 448 AEN.
921 394 953 448 v.
975 401 1124 450 113-119.
1385 397 1448 462 607

160 577 220 639 pro
245 556 506 641 ‘Memmioram',
526 560 682 640 penetions
704 559 874 641 sinpnlaris
890 579 951 642 pro
968 560 1107 640 plurali:
1134 561 1180 624 oel
1202 582 1223 625 a
1245 542 1304 643 qao
1326 564 1450 627 nomine

161 686 258 748 pennis
276 666 388 751 †italn
402 665 534 730 Memmi
539 687 550 728 .·
572 667 618 730 oel
636 686 657 730 a
674 686 733 747 qno
752 665 877 730 nemim
891 686 988 748 penas
1002 663 1166 752 Memmi,
1184 674 1220 733 nt
1236 671 1279 735 sit
1293 669 1447 734 ‘Marimi'

166 773 335 863 [genetibus
352 773 534 855 singularis]
558 773 767 837 nominativus
784 772 930 856 pluralis.

261 879 332 944 118.
369 895 516 943 INGENTI
539 896 636 944 Mona
660 884 762 963 motu,
785 883 822 943 ut
845 879 916 962 <ΙΙΙ
937 880 1023 964 656>
1042 903 1179 967 magna
1199 906 1236 948 se
1254 885 1353 949 mole
1372 908 1447 949 mo·

165 992 325 1053 ventem.
411 994 587 1052 curaremur
603 987 714 1068 fabrio
736 1008 773 1052 en
795 1009 857 1069 qna
879 988 933 1053 boc
959 1010 1069 1054 nomm
1093 991 1281 1055 translatam
1309 996 1353 1057 est
1375 995 1481 1058 taliss

165 1100 216 1161 cst.
262 1094 484 1175 Bellerofontes
506 1095 645 1159 admima
662 1114 720 1175 per
737 1095 949 1177 ignorantiam
968 1098 1063 1174 caede,
1081 1097 1226 1180 profugit
1242 1101 1285 1163 acl
1302 1099 1446 1165 Proetum

52 1194 55 1200 ’
163 1203 353 1286 Arpinorum
376 1222 483 1284 regem.
528 1222 549 1265 a
575 1222 634 1283 mio
663 1222 732 1266 cam
758 1207 833 1267 esset
863 1208 1017 1285 susceptas
1048 1202 1179 1286 bospitio
1211 1228 1232 1269 a
1263 1206 1446 1273 Stheneboea

165 1330 259 1374 rmore
280 1310 346 1374 eins
368 1310 535 1372 adamatos
557 1313 586 1371 et
602 1309 639 1372 ele
656 1313 760 1391 stapro
779 1309 991 1391 interpellatos
1010 1315 1061 1374 est.
1092 1313 1148 1394 qai
1169 1333 1238 1377 aem
1255 1315 1445 1396 freqnmtins

161 1416 216 1481 boc
237 1417 503 1498 seimlicatarnm
526 1414 635 1480 Proeto
659 1418 845 1494 minaretur,
871 1423 1110 1499 praeoccupatas
1132 1440 1153 1483 a
1175 1418 1359 1486 Stheneboea
1380 1425 1445 1506 epse

162 1525 247 1606 apacl
273 1523 418 1589 Proetum
451 1528 613 1610 marsatns
641 1529 697 1602 est,
731 1529 888 1606 tamqnam
918 1526 1042 1606 reginae
1073 1529 1242 1592 castitatem
1275 1531 1444 1611 adpetisset·
1464 1541 1497 1589 10

161 1653 249 1715 qnem
272 1653 342 1696 mm
364 1630 494 1696 Proetus
516 1633 560 1696 acl
580 1631 727 1710 Iobatem,
751 1632 865 1716 byciae
888 1653 999 1715 regem,
1026 1653 1161 1698 soccrrcm
1189 1657 1281 1700 snam
1303 1658 1373 1701 cnm
1397 1640 1443 1703 lit

161 1742 234 1805 teris
256 1741 396 1822 signatis,
419 1739 529 1821 arcibus
544 1740 756 1823 praecipiebat
777 1745 813 1804 nt
829 1742 1011 1822 puniretar,
1035 1742 1175 1820 misisset,
1199 1743 1321 1808 Iobates
1343 1744 1443 1810 Belle-

161 1849 311 1929 rofontem
333 1849 478 1913 acloersas
501 1848 666 1930 ttympios
688 1847 748 1912 sibi
775 1847 928 1931 Solymos,
952 1853 1071 1929 amtem
1097 1850 1321 1931 ferocissimam
1349 1854 1443 1918 misit.

159 1976 235 2039 qnos
258 1975 327 2019 cam
349 1955 402 2020 ille
424 1960 607 2039 superasset,
632 1959 781 2020 reuertens
804 1957 839 2018 in
862 1956 996 2020 insiclias
1014 1977 1092 2037 qnos
1110 1956 1169 2022 sibi
1187 1957 1307 2024 Iobates
1325 1965 1441 2025 strane-

159 2069 212 2128 rat
239 2065 361 2144 inuidit,
390 2063 500 2145 quibus
523 2064 692 2144 prostratis
721 2063 883 2127 nouissime
916 2064 1029 2128 missas
1058 2065 1202 2130 adoasns
1232 2065 1442 2152 Climaeram
1462 2079 1494 2127 15

159 2173 270 2255 implero
292 2175 471 2254 monstram,
494 2171 644 2252 siqnidem
660 2171 769 2252 prima
793 2190 873 2251 pars
900 2171 966 2234 eins
993 2171 1037 2236 leo
1064 2179 1143 2250 erat,
1160 2176 1314 2255 posterior
1340 2177 1441 2261 draco,

159 2281 195 2343 in
217 2279 316 2344 medio
338 2283 432 2360 capnt
458 2298 581 2360 caprae,
608 2278 690 2359 qnod
714 2278 800 2360 ignes
826 2276 961 2358 efflabat.
1011 2278 1091 2343 banc
1118 2280 1169 2344 ille
1199 2286 1298 2347 nectas
1325 2282 1441 2366 Pegaso

158 2407 232 2469 cano
254 2388 309 2470 qai
330 2386 459 2465 volabat,
482 2386 597 2449 occielit.
642 2385 774 2448 miratos
796 2384 876 2448 lianc
894 2385 960 2449 eins
978 2389 1183 2451 constantiam
1201 2389 1322 2454 Iobates
1339 2391 1440 2472 filiam

157 2516 248 2560 snam
271 2497 299 2560 ei
320 2516 389 2586 mro
406 2497 498 2576 parte
520 2492 607 2573 regni
629 2492 663 2554 in
686 2491 922 2555 matrimonium
944 2493 1034 2557 declit.

250 2603 322 2667 119.
359 2617 461 2666 vunrs
490 2599 654 2664 orvs-ita
682 2617 813 2684 magna,
841 2603 879 2663 ut
906 2599 1019 2663 urbem
1048 2604 1189 2684 putares.
1286 2621 1439 2670 meremor
1458 2615 1493 2662 20

158 2727 271 2775 vansv
296 2730 406 2774 omnes
431 2708 516 2772 enim
540 2707 689 2772 triremes
712 2704 852 2770 fuerunt.
899 2705 1027 2771 ‘versu'
1051 2713 1161 2773 autem
1185 2715 1242 2774 aut
1260 2711 1380 2794 ordine,
1402 2716 1440 2777 ut

158 2818 226 2881 ille
251 2816 364 2882 etiam
391 2836 496 2880 seras
521 2815 561 2878 in
584 2835 736 2878 versum
759 2812 918 2877 distulit
940 2815 1077 2879 ulmos:
1102 2820 1158 2880 aut
1182 2815 1309 2881 ‘versu’
1333 2821 1439 2883 tractu

158 2947 178 2990 a
201 2923 370 3006 verrendo,
398 2925 434 2987 ut
457 2920 561 3004 <VIII
580 2920 667 3002 674>
691 2942 861 3004 aequora
883 2922 1090 2986 verrebant
1113 2923 1245 2988 caudis
1270 2929 1438 2989 aestum·

158 3053 228 3116 que
257 3031 449 3095 secabant.
496 3050 573 3093 sane
601 3050 682 3092 unus
701 3031 762 3111 ‚est
791 3048 912 3092 sensus.
962 3033 991 3093 et
1018 3034 1062 3094 est
1089 3028 1255 3114 Graecam,
1287 3052 1361 3096 nam
1389 3032 1439 3097 illi

157 3142 271 3224 στίχον
293 3138 406 3203 dicant.
1456 3149 1490 3198 25

228 3303 262 3352 22
281 3296 342 3368 ille]
362 3312 457 3366 georg.
476 3295 515 3348 IV
534 3301 585 3349 144

229 3447 242 3493 1
258 3439 424 3494 memiorum
438 3438 468 3490 F
479 3440 489 3507 l
502 3437 647 3507 genetivus
663 3436 811 3506 singularis
830 3453 880 3505 pro
899 3437 1003 3506 plurali
1016 3437 1133 3491 Daniel:
1152 3437 1298 3506 genetiuus
1313 3439 1436 3508 singulm

154 3530 178 3587 p
198 3511 307 3582 plurale
322 3511 352 3564 F
363 3512 372 3580 ΙΙ
386 3517 402 3563 2
422 3509 505 3580 italu]
525 3508 604 3563 italic
618 3510 683 3578 legit
696 3509 837 3578 Hapcnns.
865 3509 988 3563 indeve]
1003 3525 1020 3561 a
1034 3525 1089 3576 quo
1104 3508 1217 3563 nomine
1231 3525 1318 3578 genus
1334 3510 1370 3564 sit
1385 3510 1435 3564 ali-

155 3583 233 3638 cuius
251 3581 367 3637 Memmi
385 3581 420 3636 F.
436 3581 586 3635 Scboellias
603 3581 613 3650 ΙΙ
630 3579 689 3651 vel]
708 3583 722 3632 l
741 3579 771 3632 F
796 3597 813 3634 a
831 3581 895 3649 legit
910 3580 1050 3648 Hagenns.
1075 3581 1203 3634 lacunam
1221 3582 1350 3635 indicans
1368 3583 1434 3635 omi·

157 3657 194 3710 sit
211 3655 322 3709 Daniel.
342 3657 352 3722 ll
375 3652 470 3708 mernii
490 3652 521 3705 F
540 3655 550 3720 ΙΙ
572 3654 604 3706 ut
623 3652 647 3705 si
666 3651 789 3706 memmii
813 3651 863 3722 get
886 3650 1034 3720 singularis
1057 3651 1246 3706 nominatiuus
1270 3652 1387 3721 pluralis
1407 3653 1437 3706 F

157 3727 248 3795 genet.
278 3725 377 3794 singul.
407 3726 456 3779 olel.
480 3724 637 3778 Seboellins.
671 3725 703 3777 ut
729 3724 753 3777 si
780 3722 904 3778 memmii
932 3725 1033 3777 laeana
1060 3723 1186 3778 indicata
1208 3725 1299 3778 omisit
1321 3725 1433 3779 Daniel.

157 3799 314 3852 Masoicins
327 3802 412 3851 totam
427 3798 514 3850 locam
531 3797 573 3849 sic
591 3796 732 3850 constitnit
750 3815 836 3848 nsum
854 3810 905 3863 pro
925 3793 1132 3861 Memmiorum,
1151 3795 1292 3865 genitivus
1312 3795 1434 3866 singula·

156 3870 193 3923 ris
217 3886 268 3938 pro
291 3867 408 3938 plurali:
432 3867 477 3922 vel
500 3885 517 3921 a
540 3883 595 3936 quo
619 3867 731 3921 nomine
754 3883 842 3936 genus
867 3865 1000 3919 Italorum
1024 3869 1077 3932 est,
1102 3867 1238 3920 Memmii:
1264 3872 1296 3920 ut
1319 3885 1373 3922 non
1398 3871 1435 3922 sit

155 3939 297 4011 genitivus
316 3939 465 4009 singularis
485 3938 533 3992 sed
552 3937 741 3993 nominativus
759 3937 885 4006 pluralis.
901 3940 910 4007 [Ι
924 3944 941 3991 4
955 3937 1069 4008 magna]
1089 3940 1170 3992 vasta
1189 3938 1255 3992 libri
1271 3939 1432 4008 Vergiliani.

156 4014 191 4096 cf.
209 4013 279 4066 Aen.
298 4011 364 4065 VIII
384 4016 434 4064 199
457 4013 467 4079 ΙΙ
490 4015 505 4064 5
525 4029 660 4064 crunnum
679 4009 709 4062 F
726 4012 737 4091 1]
758 4008 907 4092 fabula-ex
926 4025 981 4077 qua
1001 4054 1006 4065 .
1028 4052 1032 4063 .
1054 4051 1059 4062 .
1078 4008 1108 4062 in
1127 4010 1340 4092 matrimonium·
1355 4010 1434 4115 dedi't

155 4079 922 4223 zlellaTltltlttltl..insistat*
938 4079 970 4204 b
984 4079 1209 4222 'loetali
1223 4080 1435 4207 belteil

91 4270 95 4278 .
154 4226 278 4282 iouatem
300 4226 344 4295 Tu
360 4231 391 4278 12
411 4223 535 4278 misisset
553 4224 669 4278 Daniel:
688 4224 766 4278 misit
784 4224 845 4277 FT
860 4222 980 4291 (misiset
998 4240 1070 4277 man.
1090 4239 1141 4278 rec.
1160 4225 1192 4278 in
1206 4224 1246 4290 F)
1261 4226 1270 4291 tl
1284 4222 1385 4277 iouatis
1404 4223 1434 4276 F

155 4297 263 4353 iouates
285 4297 311 4350 F
329 4299 338 4367 tl
363 4303 394 4351 13
414 4296 537 4365 tympios
557 4295 610 4349 sibi
628 4294 660 4348 F
689 4295 802 4365 timpios
822 4294 875 4349 sibi
896 4295 925 4347 Τ.
959 4293 1094 4363 Tympios
1113 4295 1170 4349 slve
1196 4294 1300 4349 Daniel
1314 4296 1431 4363 primns.

154 4369 262 4424 vicinos
285 4368 338 4423 sibi
364 4369 433 4423 coni.
454 4367 595 4436 Hagenns.
628 4368 744 4433 fortasse
762 4366 950 4421 conterminos
968 4367 1009 4420 uel
1026 4364 1155 4421 inimicos
1174 4365 1235 4420 sibi.
1267 4367 1354 4435 siquis
1372 4365 1431 4419 Da·

155 4443 250 4503 melem
274 4438 331 4494 sive
350 4455 405 4508 pro
428 4438 481 4493 sibi
504 4439 662 4493 scribentem
685 4455 778 4492 ceram
800 4438 898 4491 vidisse
916 4442 1013 4506 putat,
1037 4439 1062 4490 ei
1085 4437 1222 4492 Termilas
1239 4453 1290 4503 pro
1308 4438 1431 4505 tympios

154 4513 326 4567 scribendam
343 4512 458 4565 uidetur.
488 4511 522 4576 cs.
537 4510 639 4564 Herool.
660 4511 739 4563 1173
758 4515 782 4564 et
800 4508 900 4562 Strabo
918 4508 970 4562 XII
983 4526 1014 4577 p.
1029 4514 1090 4564 573.
1104 4510 1114 4577 ΙΙ
1127 4507 1205 4561 misit
1226 4508 1261 4560 T:
1279 4507 1361 4561 nimis
1381 4507 1411 4559 F
1422 4507 1432 4579 ll

158 4591 190 4638 14
209 4600 278 4652 quos
297 4583 328 4636 F
355 4599 440 4652 qnam
458 4581 502 4650 TI
515 4580 545 4635 in
563 4581 654 4636 omF
665 4581 675 4649 ΙΙ
688 4580 798 4635 iouates
817 4579 897 4649 Fun
913 4585 945 4634 lb
965 4578 1078 4649 quibus]
1099 4579 1199 4647 quibus
1219 4578 1303 4632 etiam
1324 4580 1431 4633 Masci-

155 4657 214 4710 ctns
228 4657 338 4724 primas
352 4657 361 4723 ΙΙ
380 4653 532 4707 chimeram
551 4653 582 4706 F
597 4654 607 4722 ΙΙ
627 4659 659 4706 16
678 4670 743 4721 pars
762 4650 821 4706 eius
843 4651 878 4703 T.-
897 4668 963 4720 pare
982 4651 1010 4705 in
1031 4651 1061 4704 F
1072 4653 1081 4719 ΙΙ
1098 4652 1240 4718 postrema
1260 4651 1286 4702 Τ
1301 4653 1311 4719 ΙΙ
1334 4657 1364 4704 17
1385 4667 1430 4704 ca-

156 4744 238 4796 preae
260 4726 286 4779 Τ
295 4728 305 4793 ΙΙ
322 4724 396 4794 ignis
415 4725 445 4778 F
456 4727 465 4794 ΙΙ
485 4731 517 4779 18
537 4724 609 4778 hane
628 4741 678 4778 om.
700 4724 726 4777 Τ
735 4725 745 4793 ΙΙ
763 4723 822 4777 eius
839 4739 889 4778 om.
909 4722 1013 4777 Daniel
1026 4725 1035 4792 ΙΙ
1054 4722 1161 4777 iouates
1180 4721 1211 4774 F
1217 4721 1242 4774 Τ
1252 4723 1261 4790 ΙΙ
1284 4727 1315 4775 19
1335 4722 1430 4776 matri-

155 4799 278 4851 monium
301 4797 335 4849 T:
354 4795 532 4851 matrimonio
552 4796 582 4849 F
598 4797 608 4866 ΙΙ
628 4801 662 4851 20
680 4814 763 4849 vssss
783 4812 846 4848 orus
865 4794 895 4847 F
899 4795 916 4918 N
933 4793 975 4847 ita
993 4810 1096 4863 magna
1113 4809 1163 4847 om.
1183 4792 1213 4845 F
1224 4794 1234 4864 ll
1251 4795 1309 4847 tam
1329 4809 1431 4862 magna

157 4867 220 4924 GM
231 4871 241 4938 ll
254 4875 287 4923 21
304 4869 398 4924 autem
412 4884 462 4924 om.
473 4866 516 4938 ΟΙΙ
530 4873 563 4922 22
578 4885 692 4924 uersum
701 4866 735 4921 H
745 4868 898 4937 1123111111
918 4865 1004 4920 oFL
1016 4867 1026 4936 ΙΙ
1038 4864 1194 4920 uerbebant
1203 4864 1236 4920 N
1246 4866 1256 4935 l
1269 4869 1303 4920 26
1314 4885 1392 4920 crxon
1402 4864 1449 4932 F„
