3396 5422
261 367 349 423 LXVI
788 366 1003 424 PRAEFATIO.

261 530 332 614 gilii
367 531 510 594 carmina
544 552 616 595 curn
649 530 780 594 scholiis
813 531 920 595 babet.
970 531 1095 615 inspexi
1128 530 1269 594 codicem
1301 529 1448 614 Parisiis,
1482 531 1536 595 sed

260 635 462 701 festinanter.
505 639 615 721 itaque
646 636 733 722 fugit
764 660 815 701 me
850 637 933 722 quod
967 637 1162 702 Thomasius
1193 637 1275 701 vidit
1308 634 1360 721 (cf.
1394 637 1478 700 essai
1507 661 1537 721 p.

263 744 324 808 118
341 743 423 829 sqq.)
454 745 538 809 inter
570 744 695 810 scholia
726 744 766 808 ad
796 743 950 809 Aeneidis
981 745 1082 809 libros
1106 743 1232 807 Ill-V
1263 744 1427 827 adscripta
1458 745 1537 808 satis

259 850 364 914 multa
388 873 458 916 esse
481 851 664 917 Danielina.
706 874 788 936 quae
811 853 895 917 ratio
920 853 1006 915 inter
1027 850 1113 915 hunc
1132 850 1276 915 codicem
1299 855 1332 915 et
1350 849 1534 917 Floriacen-

260 979 327 1020 sem
351 959 531 1023 intercedat
554 982 626 1024 cum
649 959 843 1023 Thomasius
874 958 912 1023 de
937 959 1107 1042 scripturis
1131 957 1218 1022 illius
1241 958 1323 1022 nihil
1346 957 1414 1023 fere
1437 963 1536 1024 testa·

259 1067 313 1128 tus
346 1065 403 1150 sit,
435 1066 577 1131 iudicare
609 1089 674 1132 non
708 1088 850 1150 possum.
897 1088 1092 1150 quamquam
1125 1064 1211 1148 quod
1244 1064 1283 1128 ad
1312 1064 1393 1129 Aen.
1421 1065 1536 1131 11140

258 1170 466 1258 Vergilianas
491 1175 667 1257 scripturae
695 1173 946 1257 discrepantiam
970 1172 1132 1258 quandam
1156 1176 1441 1237 commemoratam
1466 1195 1536 1238 esse

259 1278 338 1343 dicit
360 1280 392 1344 id
416 1280 463 1344 ita
486 1282 690 1366 interpretor,
714 1285 750 1345 ut
773 1281 858 1345 idem
880 1280 1005 1345 laudari
1018 1283 1130 1364 putem
1154 1279 1241 1364 quod
1264 1280 1298 1342 in
1321 1278 1534 1344 Floriacensis

258 1387 405 1471 margine
429 1387 553 1473 inveni,
575 1389 701 1453 auditus
722 1411 782 1471 pro
806 1389 947 1453 caditur:
978 1388 1069 1453 cuius
1093 1387 1273 1471 scripturae
1296 1387 1330 1450 in
1353 1386 1425 1470 ipso
1450 1408 1535 1452 com·

259 1495 418 1558 mentario
443 1518 509 1560 non
530 1497 569 1560 fit
591 1496 722 1560 mentio.
763 1495 803 1560 cf.
832 1495 939 1559 adnot.
967 1494 1037 1559 crit.
1067 1494 1106 1558 ad
1134 1494 1154 1558 l.
1181 1493 1202 1556 l.
1231 1493 1383 1578 quoniam
1410 1492 1534 1558 Floria·

259 1601 363 1666 censis
387 1606 421 1665 et
444 1602 639 1667 Turonensis
662 1603 851 1667 testimonia
874 1624 958 1667 nunc
983 1602 1077 1686 plene
1106 1601 1193 1665 edita
1221 1605 1298 1665 sunt
1326 1622 1419 1684 spero
1449 1598 1533 1664 codi-

258 1729 327 1771 cem
351 1731 370 1772 a
393 1707 567 1773 Thomasio
597 1731 669 1774 cum
697 1709 749 1773 his
779 1712 1003 1792 comparatum
1036 1709 1090 1791 iri,
1121 1710 1158 1771 ut
1185 1707 1396 1791 intellegatur
1423 1711 1533 1772 utrum

257 1815 404 1897 proprias
429 1816 563 1880 virtutes
583 1816 706 1881 habeat
730 1838 772 1879 an
796 1838 834 1879 ex
857 1814 929 1898 ipso
954 1814 1152 1880 Floriacensi
1175 1813 1313 1878 fluxerit.

103 1914 136 1954 ¹³⁰
151 1915 200 1955 ⁰1¹¹·
210 1917 250 1964 ‘³¹¹¹
347 1920 393 1984 Vt
415 1923 527 2005 paucis
550 1923 749 2006 complectar
768 1922 844 2006 quid
858 1921 910 1985 his
927 1944 1008 2005 quae
1027 1921 1131 1985 adbuc
1154 1922 1289 2005 exposui
1313 1921 1353 1985 ad
1376 1921 1532 2005 plenioris

114 1969 239 2016 pleniorem

107 2027 244 2116 ffl‘gsstgj
259 2030 482 2093 commentarii
505 2029 666 2115 originem
681 2052 719 2094 ac
733 2029 923 2093 memoriam
938 2028 1057 2092 rectius
1078 2027 1336 2112 cognoscendam
1359 2028 1536 2112 profecisse

105 2131 379 2236 {ffifffffi'videam
403 2159 513 2201 eorum
537 2136 699 2201 sententia
721 2135 883 2200 reicienda
907 2138 957 2200 est
976 2135 1031 2219 qui
1047 2135 1223 2220 genuinum
1247 2134 1351 2199 Servii
1375 2157 1535 2201 commen-

94 2239 150 2288 Μ’
165 2239 247 2286 Μ’·
257 2244 375 2308 tarium
409 2243 624 2328 deperditum,
658 2241 866 2308 Danielinum
900 2246 1009 2308 autem
1043 2244 1111 2308 eius
1146 2243 1337 2309 similiorem
1371 2264 1440 2308 esse
1474 2243 1535 2307 sibi

254 2354 499 2435 persuaserunt,
522 2373 618 2434 quam
642 2350 821 2435 vulgatum.
859 2350 972 2415 deinde
1002 2373 1073 2445 cum
1103 2350 1215 2415 eadem
1238 2373 1298 2434 per
1319 2353 1426 2415 totum
1451 2373 1535 2416 com·

255 2459 449 2524 mentarium
473 2461 598 2524 ratione
622 2458 806 2542 eisdemque
836 2458 981 2522 artificiis
1010 2455 1165 2523 Seruiana
1190 2461 1223 2522 et
1251 2458 1357 2522 aliena
1385 2458 1470 2522 inter
1499 2481 1534 2523 se

255 2587 376 2631 conexa
399 2566 480 2650 sint,
504 2588 569 2631 non
592 2565 729 2630 diversis
744 2565 948 2648 temporibus
964 2569 997 2629 et
1010 2564 1171 2650 gradatim
1197 2565 1303 2649 quasi,
1328 2563 1382 2628 sed
1406 2563 1447 2628 ab
1468 2586 1533 2628 uno

253 2671 382 2736 homine
416 2673 468 2737 vel
497 2677 582 2738 certe
615 2672 709 2736 unius
741 2669 884 2735 hominis
916 2671 1051 2736 consilio
1085 2693 1123 2735 ea
1155 2693 1207 2735 res
1238 2671 1364 2736 videtur
1387 2670 1534 2736 confecta

254 2779 365 2866 esse.¹)
408 2781 463 2864 qui
488 2780 603 2863 quibus
635 2777 788 2843 subsidiis
817 2799 894 2841 usus
924 2799 994 2842 esse
1022 2776 1185 2841 rideretur
1214 2800 1312 2861 supra
1344 2778 1534 2863 significavi.

253 2889 350 2970 atque
384 2908 403 2950 a
436 2885 743 2950 commentatoribus
778 2882 950 2946 Danielina
983 2869 1108 2948 sebolia
1139 2885 1292 2968 pleraque
1322 2885 1427 2968 petita
1461 2907 1531 2949 esse

253 3014 326 3056 cum
359 3014 398 3056 ex
432 3014 466 3056 se
498 2991 702 3075 intellegitur
730 2994 800 3054 tum
833 2989 912 3054 satis
948 2991 1043 3054 certis
1078 2991 1232 3074 exemplis
1265 2992 1438 3075 probatum
1474 2996 1532 3057 est.

252 3099 331 3164 item
356 3098 498 3162 dubitari
526 3098 579 3162 vix
607 3101 716 3180 potest
746 3096 825 3180 quin
848 3096 1018 3179 plenioris
1034 3096 1257 3161 commentarii
1287 3099 1412 3163 auctori
1440 3102 1473 3162 et
1503 3099 1531 3163 is

252 3205 336 3270 liber
359 3227 454 3289 quem
475 3203 661 3268 Macrobius
686 3203 857 3286 exscripsit
879 3206 913 3266 et
937 3201 1055 3268 Isidori
1075 3203 1217 3287 origines
1242 3203 1282 3268 ad
1306 3228 1438 3270 manum
1462 3206 1529 3270 fue-

251 3312 326 3376 rint.
362 3315 491 3397 praeter
513 3310 573 3376 hos
597 3311 699 3375 libros
722 3310 906 3374 fabularum
928 3309 1079 3374 volumen
1099 3311 1245 3395 aliquod,
1268 3311 1351 3394 quod
1375 3334 1441 3377 non
1464 3313 1530 3376 iam

251 3423 354 3504 extat,
383 3419 423 3484 ad
455 3418 637 3504 augendum
667 3416 859 3482 Servianum
888 3417 1155 3482 commentarium
1186 3417 1226 3482 ab
1257 3417 1313 3482 illo
1346 3418 1528 3483 adhibitum

251 3549 320 3592 esse
343 3527 512 3611 probabile
537 3530 596 3590 est.
636 3525 772 3609 denique
796 3523 881 3588 inter
905 3545 943 3588 ea
962 3546 1043 3608 quae
1067 3525 1249 3608 pleniorum
1274 3523 1431 3589 librorum
1454 3548 1527 3610 pro·

249 3636 320 3716 pria
344 3638 421 3699 sunt
442 3634 650 3698 inveniuntur
674 3654 755 3716 quae
780 3653 818 3695 ex
838 3631 981 3714 antiquis
997 3631 1167 3715 glossariis
1181 3632 1309 3714 possint
1331 3633 1529 3716 transcripta

340 3863 365 3929 1)
384 3877 474 3930 neque
492 3864 588 3916 tamen
611 3859 717 3914 infitior
736 3857 821 3914 etiam
846 3857 972 3913 confecto
996 3856 1117 3927 pleniori
1141 3859 1343 3915 commentario
1367 3877 1384 3916 a
1405 3859 1528 3916 librariis

248 3941 332 4010 paulo
352 3940 524 3996 doctioribus
543 3958 634 4012 pauca
659 3941 796 4008 quaedam
820 3936 889 3991 addi
912 3939 1038 4009 potuisse
1057 3942 1106 3995 aut
1126 3940 1264 3995 Serviano
1284 3939 1448 4010 exemplari,
1473 3957 1528 4010 quo

248 4021 382 4090 plenioris
402 4021 597 4076 commentarii
616 4022 714 4074 auctor
732 4020 870 4083 uteretur,
890 4018 999 4088 aliquot
1017 4020 1088 4074 locis
1108 4020 1201 4075 aliena
1220 4019 1363 4090 adscripta
1380 4019 1475 4090 fuisse,
1496 4024 1529 4075 ut

247 4100 390 4156 breviores
409 4101 475 4157 libri
494 4101 525 4154 in
539 4100 714 4172 marginibus
734 4097 888 4154 autetiam
907 4098 937 4152 in
956 4101 1090 4154 contextu
1104 4100 1242 4169 quaedam
1260 4100 1367 4154 habent
1386 4117 1458 4168 quae
1472 4117 1528 4154 non

249 4183 314 4234 sunt
333 4181 431 4238 Servii.
459 4214 491 4222 —
517 4181 683 4236 Thomasius
707 4200 733 4251 p.
755 4185 802 4247 79,
824 4197 851 4248 p.
872 4184 923 4234 107
939 4197 1000 4249 sqq.
1028 4180 1241 4235 Lemovicensia
1264 4182 1293 4235 et
1317 4180 1480 4237 Cassellana
1498 4185 1528 4236 et

247 4261 438 4316 Floriacensia
456 4261 564 4316 scholia
583 4262 617 4315 ab
638 4261 736 4316 eodem
756 4259 875 4312 collecta
898 4276 959 4313 esse
979 4259 1103 4329 negavit.
1137 4261 1167 4314 at
1190 4258 1435 4315 dissimilitudines
1455 4279 1527 4330 quae

248 4343 313 4395 sunt
332 4358 397 4397 sane
416 4341 491 4396 inter
508 4341 736 4397 Lemovioensem
755 4342 784 4395 et
801 4337 992 4393 Caesellanum
1015 4339 1277 4409 Floriacensemque
1296 4340 1527 4396 commentarium

247 4421 308 4491 ipse
327 4423 462 4476 concedet
480 4421 538 4476 alia
555 4421 664 4476 ratione
687 4419 867 4490 explicandas
887 4435 955 4472 esse.
988 4435 1055 4472 nam
1080 4418 1154 4488 quod
1181 4417 1211 4472 in
1236 4418 1429 4474 bucolicorum
1453 4437 1526 4475 com-

247 4502 349 4556 mentis
368 4503 479 4572 saepius
499 4499 618 4555 aliorum
638 4499 794 4555 sententiae
817 4497 949 4552 laudatae
969 4499 1034 4552 sunt
1058 4515 1141 4566 quam
1160 4498 1189 4551 in
1208 4496 1332 4552 Aeneide
1351 4496 1382 4551 id
1399 4498 1464 4554 inde
1483 4517 1526 4555 re·

246 4581 400 4649 petendum
418 4582 494 4651 quod
512 4583 546 4636 de
564 4580 623 4635 illis
641 4578 841 4649 intellegendis
859 4577 950 4649 magis
970 4577 1138 4633 differebant
1158 4577 1164 4588 '
1185 4580 1229 4633 ter
1247 4595 1277 4632 se
1296 4579 1422 4632 veterum
1439 4579 1526 4635 inter·

246 4663 357 4728 pretum
376 4661 489 4717 iudicia.
529 4660 731 4730 antiquitatum
750 4662 845 4714 autem
864 4660 894 4713 et
911 4659 1079 4730 religionum
1093 4659 1284 4712 Romanarum
1303 4660 1334 4712 ut
1352 4657 1382 4713 in
1400 4660 1526 4715 Aeneide

247 4741 400 4795 enarranda
419 4743 482 4812 plus
502 4739 619 4797 rationis
634 4740 786 4795 haberetur
799 4757 884 4808 quam
903 4738 933 4791 in
951 4737 1087 4794 bucolicis
1102 4739 1131 4793 et
1145 4736 1287 4808 georgicis
1307 4740 1423 4808 propter
1442 4757 1524 4810 argu-

247 4820 335 4874 menti
354 4820 547 4877 diversitatem
569 4821 675 4876 fuctum
694 4820 745 4875 est.
