3396 5422
249 394 297 451 XO
776 394 992 451 PRAEFATIO.

249 560 316 624 irim
338 580 402 624 rem
424 559 561 624 oliemom
584 564 690 624 tenere
733 581 772 624 ex
795 559 856 624 hoo
880 559 989 626 codiee
1012 560 1163 626 videntur
1177 562 1283 644 petite
1305 583 1375 626 esse
1399 585 1480 646 quae
1495 565 1526 629 V

252 670 331 732 nota
355 667 485 751 signata
499 667 706 733 Burmannus
731 666 771 731 ed
785 667 1006 733 bucolicorum
1021 668 1246 754 georgicorum
1262 667 1415 733 Aeneidis
1430 670 1527 753 primi

249 774 327 838 libri
349 775 492 840 ineuntis
516 774 766 840 commentarios
791 774 972 858 adscripsit.
1013 796 1089 839 nam
1104 775 1158 840 vix
1172 779 1281 858 potest
1304 797 1381 841 casu
1403 777 1527 842 fuctum

250 903 320 946 esse
344 885 381 946 ut
405 883 447 947 ab
471 882 518 946 eis
542 882 609 946 fere
638 881 744 945 verbis
773 903 855 965 quse
882 880 1093 966 Rutgersiani
1121 881 1197 946 libri
1226 885 1371 946 extrema
1398 886 1474 947 sunt
1496 885 1527 949 V

250 987 370 1053 codicis
393 988 429 1051 in
450 984 630 1053 Burmanni
653 987 813 1071 adparatu
843 989 1109 1054 commemoratio
1139 987 1275 1053 desinat.
1303 1025 1339 1034 -
1366 987 1527 1055 Vossie-

249 1117 319 1160 nus
344 1095 387 1159 25
411 1095 544 1159 membr.
568 1094 622 1158 fol.
648 1115 730 1158 seeo.
753 1093 800 1158 XI
824 1094 924 1159 hebet
951 1094 1092 1179 Vergilii
1120 1095 1264 1160 carmine
1288 1096 1404 1180 quibus
1424 1095 1528 1162 Servii

250 1202 475 1267 commentarii
498 1201 533 1265 in
556 1201 759 1286 marginibus
782 1201 885 1265 additi
914 1205 999 1266 sunt.
1040 1201 1235 1285 inscriptum
1262 1207 1312 1267 est
1340 1203 1527 1269 maiusculis

251 1308 369 1374 litteris
394 1307 607 1375 Ocmmmtum
630 1306 732 1374 Seruii
754 1308 789 1372 im
812 1307 954 1373 bucolicis
972 1307 1009 1373 P.
1034 1307 1161 1391 Virgilii
1183 1306 1331 1374 Maronis
1353 1310 1464 1392 incipit
1483 1312 1526 1392 se·

251 1417 361 1499 liciter,
384 1416 604 1500 subscriptum
628 1413 840 1480 Ocmmmtum
868 1413 970 1481 Seruii
995 1415 1195 1498 grammatici
1221 1416 1256 1479 im
1285 1415 1420 1481 bucolice
1444 1438 1528 1500 peor-

247 1525 318 1607 piec
340 1523 485 1588 Hemeidc
499 1520 575 1608 (sic)
590 1521 697 1587 Publii
710 1520 857 1587 Mummio
879 1521 1056 1604 explicitum
1078 1522 1215 1602 feliciter.
1256 1522 1292 1586 in
1310 1523 1425 1589 charte
1443 1524 1527 1589 libro

251 1631 395 1714 praefixe
416 1629 497 1694 haee
521 1630 643 1712 scripte
665 1628 774 1693 inveni
799 1626 963 1693 ‘Servium
985 1627 1071 1693 hune
1086 1629 1225 1694 contulit
1238 1627 1393 1695 Heinsius
1417 1635 1450 1696 et
1472 1654 1528 1697 no·

250 1737 334 1802 terit
358 1736 469 1801 litters
492 1736 523 1800 V
547 1739 580 1801 et
602 1735 731 1800 notovit
758 1733 785 1798 L
813 1733 954 1818 littere',
983 1734 1038 1799 sed
1063 1732 1234 1801 ‘Heinsius
1257 1787 1291 1804 ..
1314 1787 1321 1800 .
1343 1735 1369 1800 L
1400 1737 1528 1803 littere’

252 1844 351 1908 verbe
373 1846 449 1927 post
474 1841 579 1908 deleta
603 1847 687 1907 sunt.
729 1841 923 1907 Thomasius
947 1841 1034 1907 hunc
1053 1843 1194 1908 codicem
1215 1842 1435 1909 eBurmanno
1450 1845 1529 1910 Vos.

251 1951 272 2016 i.
296 1973 321 2015 e.
344 1948 544 2015 Vossianum
571 1949 728 2034 appellari
751 1949 843 2015 vidit.
870 1986 907 1994 —
933 1972 997 2014 ms.
1020 1951 1086 2015 lst.
1110 1950 1201 2015 bibl.
1224 1951 1326 2033 publ.
1351 1951 1371 2016 5
1395 1953 1528 2018 membr.

251 2057 306 2122 fol.
330 2079 412 2121 saec.
436 2055 509 2120 ΧΠ.
545 2055 600 2121 fol.
626 2055 734 2121 1-65
761 2056 902 2141 Vergilii
933 2056 1090 2141 carmina,
1117 2057 1173 2122 fol.
1194 2058 1347 2123 66-173
1372 2058 1475 2124 Servii
1497 2061 1532 2124 in

252 2163 443 2247 Aeneidem,
466 2164 626 2247 bucolice,
650 2183 760 2248 georg.
774 2162 884 2226 I—HI
897 2163 963 2227 474
978 2164 1212 2229 commentarii.
1244 2165 1413 2249 inscriptio
1427 2166 1533 2232 Marii

218 2262 224 2275 ’
251 2271 353 2336 Seruii
368 2271 568 2353 prommotiei
589 2271 700 2352 incipit
722 2270 798 2335 liber
814 2271 940 2353 primus
962 2271 998 2334 im
1012 2270 1191 2349 Acirim,
1215 2272 1413 2356 subscriptio
1427 2271 1532 2338 Marii

252 2377 353 2445 Seruii
372 2379 573 2461 grammatici
602 2379 638 2442 im
665 2378 832 2443 Aeneidem
859 2377 967 2443 Publii
1000 2377 1127 2461 Vlrpi'm·
1149 2379 1297 2444 Maronis
1327 2380 1402 2445 liber
1424 2381 1532 2445 duode-

252 2488 349 2552 cimus
371 2487 502 2569 explicit.
544 2485 599 2550 fol.
625 2486 653 2550 1.
676 2485 757 2551 haec
780 2485 934 2570 leguntur
963 2483 1128 2550 ‘Servium
1156 2486 1242 2551 hunc
1265 2485 1403 2551 contulit
1426 2485 1532 2552 Nicol.
1584 2548 1586 2553 .

253 2593 406 2659 Heinsius
431 2597 465 2658 et
486 2594 614 2660 notovit
637 2592 749 2657 littera
772 2591 812 2657 V.
822 2590 869 2658 L’

341 2700 485 2786 Regius
510 2697 577 2787 (R.)
602 2699 781 2764 Burmanni
805 2700 939 2764 membr.
962 2698 1018 2764 fol.
1043 2720 1127 2765 saec.
1150 2699 1197 2763 XI
1220 2699 1272 2764 vel
1296 2698 1369 2784 ΧΠ,
1392 2698 1531 2786 Vergilii

253 2808 397 2873 carmina
420 2830 493 2874 oum
517 2805 622 2872 Servii
646 2807 837 2872 commentis
862 2806 1043 2890 continens,
1066 2806 1162 2871 hodie
1185 2807 1220 2872 in
1242 2805 1391 2873 Parisine
1413 2807 1531 2872 biblio·

253 2915 349 2981 theca
372 2918 435 2998 est,
459 2915 616 2998 supple'm.
639 2914 696 2978 let.
721 2913 794 2997 165,
819 2915 848 2979 3.
872 2913 911 2978 ef.
936 2936 1016 2978 mus.
1039 2913 1142 2979 Rhen.
1165 2913 1244 2978 XIV
1268 2937 1299 2998 p.
1324 2914 1398 2979 539.

342 3021 645 3088 Daventriensis
682 3021 795 3105 codex,
823 3021 861 3085 de
890 3042 953 3106 quo
981 3043 1084 3105 nuper
1108 3017 1151 3107 (e.
1182 3021 1282 3106 1871)
1310 3020 1334 3086 I.
1362 3020 1386 3087 I.
1414 3019 1532 3087 Corne·

252 3128 353 3193 lissen
375 3128 488 3193 libello
512 3129 567 3212 qui
590 3128 778 3193 inscribitur
798 3125 945 3192 ‘Codicis
959 3126 1206 3194 Daventriensis
1229 3127 1444 3193 vetustissimi
1461 3127 1531 3193 Ser-

253 3235 299 3299 vii
323 3235 574 3300 commentarios
598 3235 795 3300 continentis
819 3234 926 3299 brevis
950 3234 1141 3319 descriptio'
1170 3239 1321 3300 accurate
1345 3235 1533 3320 disputavit,

254 3342 519 3407 membranabeus
543 3345 593 3407 est
616 3341 736 3406 saeculi
759 3341 815 3408 XI.
857 3364 897 3406 ex
925 3362 963 3406 eo
988 3364 1069 3428 ques
1094 3343 1143 3407 vir
1165 3341 1223 3406 ille
1247 3341 1359 3406 doetus
1384 3342 1533 3407 enotavit

254 3454 287 3513 et
306 3471 336 3532 p.
351 3449 371 3513 9
386 3472 454 3534 sqq.
479 3448 580 3514 edidit
603 3470 676 3513 eum
690 3447 907 3535 Frisingensis
923 3449 1092 3533 scripturis
1114 3449 1162 3514 its
1186 3449 1369 3514 consentire
1391 3448 1474 3534 ridi,
1496 3451 1533 3513 ut

254 3556 413 3640 explenda
438 3578 475 3621 ee
498 3556 681 3622 conlatione
706 3555 906 3640 supersederi
929 3578 1025 3641 posse
1048 3556 1239 3640 putaverim.

343 3661 531 3728 Metensis
554 3662 772 3729 bibliothecae
797 3663 895 3728 codex
919 3663 984 3728 292
1008 3662 1272 3727 membranaceus
1293 3684 1374 3728 soce.
1392 3661 1424 3726 X
1446 3666 1532 3728 cete·

254 3772 351 3856 logne
374 3770 430 3834 des
454 3793 530 3835 mss.
555 3770 610 3835 des
634 3770 873 3854 departements
897 3768 977 3854 Vp.
994 3769 1058 3833 125
1080 3792 1100 3834 a
1123 3768 1330 3846 (luicherstio
1354 3770 1532 3854 descriptus

256 3882 313 3942 est.
355 3876 508 3942 Aeneidis
533 3877 785 3943 commentarius
814 3877 855 3941 ab
883 3875 935 3941 his
964 3876 1071 3941 verbis
1094 3876 1210 3961 incipit
1242 3874 1272 3963 (Ι
1298 3873 1334 3963 4)
1362 3877 1533 3942 Memorem

255 3985 381 4050 iurecmis
404 3985 559 4066 obirem]
584 3985 815 4049 comtotmmltc
828 3984 862 4048 im
885 3983 1061 4048 auctoribus
1084 3984 1234 4062 inveniri,
1258 3983 1376 4049 desinit
1389 3983 1453 4048 ΧΠ
1466 3985 1533 4049 474

255 4092 417 4173 Pcruolot]
436 4112 496 4174 per
518 4112 649 4174 mopmos
672 4093 755 4157 sedes
776 4092 862 4156 uolut
875 4111 950 4155 mom
964 4112 1047 4156 more
1069 4111 1124 4156 suo
1146 4090 1237 4156 uerbo
1260 4091 1344 4156 dedit
1364 4092 1533 4156 detractem

121 4216 125 4223 '
254 4200 375 4266 memmi
395 4200 663 4282 praepositionem.
711 4198 835 4279 Vaccis]
865 4198 989 4281 magmis
1014 4204 1050 4263 ut
1075 4218 1177 4264 mamm
1210 4199 1295 4263 alric
1323 4197 1436 4262 lustrat
1466 4218 1531 4262 socr.

255 4330 337 4393 quae
365 4308 415 4372 vir
448 4307 655 4373 doctissimus
686 4330 702 4372 e
735 4306 966 4371 commentario
996 4306 1037 4370 ed
1067 4329 1117 4371 vv.
1141 4307 1249 4371 4-27
1276 4327 1295 4368 a
1319 4302 1534 4388 Stephaniaui

256 4413 450 4500 exemplaris
482 4414 643 4499 scripturo
674 4413 893 4498 discrepantis
917 4412 1062 4477 enotavit
1091 4412 1166 4477 huic
1197 4413 1281 4477 libro
1315 4432 1388 4476 cum
1411 4409 1533 4475 Caroli-

257 4521 391 4588 ruheusi
417 4521 480 4587 186
509 4521 685 4605 scripturus
714 4520 871 4604 quosdam
899 4540 1085 4584 communes
1115 4541 1185 4583 esse
1214 4518 1395 4584 ostendunt.
1403 4516 1428 4604 1)
1470 4539 1534 4601 qua

256 4685 468 4694 ---——-----

329 4771 355 4839 1)
374 4788 401 4840 p.
424 4775 465 4837 12,
487 4775 519 4824 18
538 4767 575 4822 ad
589 4783 711 4838 persono
729 4766 809 4822 addit
826 4768 873 4824 sed
891 4767 929 4822 ud
948 4767 1048 4835 locum,
1066 4784 1095 4836 p.
1117 4772 1162 4832 17,
1183 4771 1199 4821 2
1217 4767 1251 4821 de
1270 4763 1388 4832 omittit,
1407 4782 1435 4834 p.
1455 4769 1498 4832 20,
1517 4769 1534 4817 2

256 4851 369 4918 stiria,
388 4867 415 4919 p.
435 4854 477 4917 91,
498 4854 531 4903 12
550 4848 673 4920 intellege
691 4846 812 4903 exhibet.
