3396 5422
241 367 307 432 506
819 364 940 422 seuva

241 532 407 599 traditum.
453 529 621 596 ‘oiudieat'
653 536 756 595 areum
778 551 839 613 pro
869 528 1080 596 ‘oiudioaoit':
1108 535 1136 595 et
1161 528 1313 612 quaedam
1339 528 1406 594 ideo
1427 549 1520 612 prae-

240 641 323 704 senti
348 659 410 721 pro
436 639 603 720 praeterito
636 642 765 720 tempore
788 643 963 720 puniemur,
1000 639 1043 702 ad
1079 638 1228 702 maiorem
1263 638 1519 720 sipuifieatiouem

240 745 453 829 fipuraudam,
482 748 518 807 ut
547 742 584 827 <1
612 743 698 827 316>
728 744 783 808 uel
812 745 940 826 quatis
974 763 1080 825 equos
1112 742 1292 808 Threissa
1319 743 1466 827 fatipat
1495 749 1523 808 et

241 852 446 934 Coeumque
473 850 716 933 Iapetumque
744 856 856 935 creat,
883 856 919 915 ut
944 872 960 915 e
990 852 1145 916 contrario
1170 853 1377 933 praeteritum
1405 856 1522 933 terupres

207 961 284 1027 oad
305 960 535 1041 exprimendam
562 958 756 1037 celeritatem,
784 963 820 1022 ut
847 957 916 1042 <XI
937 958 1025 1040 488>
1053 978 1164 1023 suras
1191 958 1402 1031 incluserat
1427 979 1520 1023 auro

164 1058 167 1062 “
245 1071 274 1130 et
300 1067 468 1131 eaiitad
494 1066 634 1130 caetum
660 1066 776 1130 ramis
800 1064 979 1145 feticibus
1011 1065 1127 1130 arbos.
1173 1069 1201 1128 et
1228 1064 1394 1130 ‘uindicat'
1422 1066 1520 1147 eripit,

240 1178 276 1237 ut
298 1172 368 1255 ‘qui
390 1173 425 1237 iu
449 1172 615 1237 libertatem
636 1171 797 1251 uindicat,
819 1173 855 1237 id
876 1177 919 1237 est
941 1173 1033 1254 em'pit
1054 1172 1202 1236 semituti.

330 1280 404 1344 229.
445 1295 629 1343 ansuinum
662 1295 811 1343 mensus
842 1279 932 1360 quasi
962 1278 1143 1360 parituram
1174 1279 1323 1360 imperia:
1356 1279 1403 1344 od
1436 1278 1519 1343 unde

241 1387 337 1451 multi
359 1386 572 1469 imperatores
596 1389 731 1468 possent
754 1384 870 1469 creari,
893 1387 931 1448 ut
953 1383 991 1467 <1
1014 1384 1078 1467 21>
1106 1385 1193 1450 hinc
1220 1385 1408 1469 populum
1436 1385 1517 1449 late

189 1515 221 1564 10
240 1516 380 1579 regem.
425 1493 498 1557 ideo
523 1496 633 1556 autem
656 1490 823 1576 ‘gravida'
848 1491 991 1556 ablativo
1015 1491 1175 1576 iungitur,
1203 1492 1279 1576 quia
1308 1493 1407 1557 etiam
1431 1492 1521 1576 ‘gra-

239 1601 288 1666 vis
310 1601 369 1665 illa
392 1598 442 1664 re’
466 1598 616 1683 dicimus,
639 1600 722 1664 unde
746 1603 796 1664 est
818 1598 915 1663 huius
940 1599 1031 1684 origo
1055 1600 1221 1665 sermonis.
1258 1599 1304 1663 sio
1325 1599 1461 1665 Plautus
1484 1599 1520 1663 in

239 1707 475 1791 Amphitruone
503 1705 702 1790 <112‚86>
730 1729 824 1772 uxor
852 1709 918 1770 tua
944 1727 1018 1770 non
1044 1728 1176 1791 puero,
1204 1705 1269 1770 sed
1291 1710 1402 1789 peste
1431 1727 1519 1790 gra-

239 1814 327 1879 vida
351 1819 418 1880 est.
463 1813 624 1878 alithum
646 1813 785 1877 ordimem
807 1812 929 1876 ootuut:
952 1813 1005 1877 sed
1023 1812 1099 1897 fore,
1123 1813 1178 1895 pai
1199 1812 1331 1877 ltaliam
1350 1812 1516 1895 providam

238 1943 343 1986 rerum
370 1922 564 1986 abuudantia
591 1923 619 1983 et
650 1919 725 1983 mn
745 1918 924 1999 frementem
952 1920 1092 2001 imperiis
1119 1925 1240 2003 reperet.
1329 1936 1516 1996 Bnocoovu

188 2046 454 2098 torhcmundum
487 2026 629 2110 exceptis
665 2025 882 2110 temporibus,
913 2025 1030 2110 quibus
1065 2049 1084 2090 a
1110 2025 1227 2091 Latino
1262 2027 1451 2110 regebatur,
1481 2030 1518 2090 ut

240 2135 325 2220 <VII
349 2133 744 2219 46>10ngap0pu10s
768 2134 806 2198 in
828 2155 921 2217 pace
949 2133 1122 2218 regebat:
1148 2155 1225 2198 nam
1253 2132 1335 2197 alias
1363 2133 1518 2198 bellicosa

238 2241 302 2307 fuit
324 2241 432 2306 Italia.

328 2349 403 2413 230.
439 2374 513 2414 roro
535 2348 674 2426 inlustri,
697 2346 801 2411 mobili.

329 2455 403 2520 231.
440 2472 628 2520 1110221121
653 2452 747 2518 modo
772 2452 1020 2537 ‘protenderet’,
1048 2453 1082 2518 id
1106 2456 1156 2518 est
1177 2457 1383 2539 propagaret.
1429 2453 1517 2539 ‘pro-

186 2585 220 2632 2ο
239 2561 343 2647 pago'
367 2567 476 2627 autem
500 2563 528 2627 si
551 2583 653 2647 genus
678 2561 849 2645 significet,
872 2559 964 2645 ‘pro’
988 2561 1095 2625 brevis
1119 2565 1178 2646 est,
1202 2566 1238 2626 ut
1257 2561 1339 2643 <XII
1360 2562 1446 2645 827>
1465 2563 1518 2626 sit

238 2669 411 2735 Romana
440 2671 577 2754 potens
608 2668 713 2733 Itala
744 2669 890 2734 virtute
920 2690 1107 2754 propago:
1145 2669 1173 2733 si
1203 2668 1242 2734 de
1272 2668 1388 2733 arbore
1418 2668 1516 2755 dieas,

238 2776 425 2860 producitur
445 2775 546 2859 ‘pro'‚
564 2779 601 2840 ut
627 2775 753 2840 flexos
776 2776 1006 2860 propaginis
1026 2798 1136 2841 arcus
1156 2781 1394 2859 exspectant.
1431 2775 1515 2861 ‘pro-

240 2885 331 2950 dere'
356 2907 433 2950 sane
457 2883 621 2969 significat
642 2888 671 2948 et
692 2884 807 2948 occulta
825 2885 967 2968 detepere,
990 2885 1071 2949 uude
1086 2885 1256 2966 proditores
1273 2883 1360 2966 dicti,
1383 2888 1412 2947 et
1433 2883 1515 2948 deci-

240 3014 316 3076 pere
340 2993 386 3058 oet
404 2993 537 3075 perdere,
559 2995 597 3056 ut
620 2989 658 3074 <I
681 2990 767 3074 253>
791 2990 905 3056 unius
929 2991 975 3056 oh
999 2992 1095 3082 iram
1117 2989 1328 3075 prodimur:
1352 2994 1385 3054 et
1408 2995 1459 3056 est
1480 2993 1516 3056 in

185 3119 219 3166 ao
238 3098 401 3163 infinitum
423 3097 503 3163 haec
521 3098 602 3162 lexis
620 3097 816 3182 polysemos.
852 3097 987 3162 Plautus
1009 3117 1095 3161 uam
1117 3097 1215 3162 illud
1235 3098 1330 3179 quod
1351 3099 1414 3162 dat
1429 3119 1514 3180 per-

237 3206 303 3288 dit,
326 3209 360 3269 et
381 3206 445 3270 illi
460 3206 592 3288 prodit
613 3207 726 3271 uitam
748 3207 796 3271 ad
815 3206 1020 3289 miseriam,
1043 3226 1114 3270 eum
1131 3207 1168 3270 de
1179 3227 1317 3288 paupere
1336 3207 1513 3289 toqueretur.

308 3315 515 3417 tdoeumque]
539 3362 633 3416 georg.
654 3346 737 3400 1279
760 3348 770 3416 tl
797 3345 912 3417 621111]
939 3362 1034 3416 georg.
1053 3345 1132 3398 1181
1156 3349 1165 3415 ΙΙ
1194 3351 1226 3400 19
1248 3308 1408 3415 ‘proderet’
1430 3345 1512 3400 modo

237 3417 429 3489 protenderet]
445 3417 480 3471 cf.
490 3417 561 3471 Non.
572 3436 599 3487 p.
611 3424 662 3472 363
673 3417 710 3472 Μ,
724 3418 734 3486 ΙΙ
748 3424 781 3471 22
796 3416 893 3488 flexos]
907 3434 1003 3487 georg.
1018 3418 1088 3471 1126
1103 3419 1112 3486 ΙΙ
1126 3423 1160 3471 25
1174 3417 1303 3488 Plautus]
1319 3418 1383 3473 trin.
1403 3419 1428 3471 11
1442 3425 1468 3487 2,
1479 3424 1512 3472 59

309 3550 322 3595 1
344 3545 380 3597 ad
399 3541 568 3610 Graiumque
590 3541 654 3596 ideo
672 3542 700 3596 h.
718 3560 745 3596 v.
764 3559 789 3596 a.
813 3558 889 3611 supr.
908 3558 975 3596 cers.
995 3547 1020 3596 et
1038 3544 1071 3596 iu
1088 3560 1174 3613 marp.
1194 3543 1230 3597 ad
1252 3542 1386 3598 maiorem
1409 3542 1511 3613 signifi·

237 3615 359 3668 eandam
377 3613 471 3682 posuit
489 3630 621 3682 praesens
639 3629 690 3682 pro
709 3614 862 3681 praeterito
882 3613 962 3681 quasi
980 3631 1053 3668 nunc
1072 3614 1158 3669 etiam
1176 3614 1310 3671 uindicat.
1342 3617 1371 3669 et
1388 3614 1514 3669 uindicat

237 3685 377 3754 significat
399 3685 488 3738 trahit
511 3685 614 3739 liberat
635 3685 665 3738 in
688 3684 849 3740 libertatem
872 3685 999 3739 uindicat
1021 3685 1147 3740 uindicat
1164 3686 1194 3739 id
1213 3688 1256 3740 est
1274 3686 1358 3755 eripit
1375 3686 1512 3740 seruituti.

236 3759 266 3810 et
284 3759 327 3808 ost
345 3757 429 3824 plena
448 3757 509 3809 laus
529 3755 607 3823 quasi
626 3755 731 3810 diceret
748 3772 804 3809 non
823 3756 886 3810 ideo
904 3756 948 3810 bis
967 3757 1060 3811 euasit
1077 3756 1256 3811 incommoda
1273 3758 1381 3826 patriae
1398 3775 1462 3812 suae
1481 3760 1513 3811 ut

236 3828 427 3896 carthaginem
450 3826 546 3881 t'oueat
568 3827 592 3879 Τ
617 3830 657 3893 (21
675 3829 718 3880 est
736 3870 743 3882 .
764 3869 769 3881 .
791 3870 796 3880 .
816 3828 912 3882 foueat
936 3827 1039 3882 Tiberii
1057 3827 1165 3883 Donati
1183 3833 1265 3896 suut.)
1294 3830 1325 3882 iu
1347 3846 1433 3897 marp.
1451 3846 1511 3896 sup.

236 3900 294 3952 alio
312 3915 411 3952 mauus
433 3896 562 3951 Vindicat
580 3916 630 3967 pro
649 3898 806 3952 uindicauit
820 3941 825 3952 .
838 3944 843 3955 .
855 3942 861 3954 .
875 3898 1005 3953 felicibus
1025 3901 1107 3954 arbos
1125 3902 1242 3968 scripsit.
1257 3902 1295 3969 112
1310 3900 1447 3954 moiorem
1461 3901 1491 3952 F
1504 3902 1512 3969 u

236 3976 251 4023 3
267 3970 364 4037 quales
378 3985 481 4036 aequos
497 3969 526 4021 F
537 3971 547 4038 ΙΙ
561 3976 577 4022 4
592 3987 768 4038 quoeumque
782 3970 963 4039 iapidumque
978 3970 1009 4024 F
1019 3972 1029 4040 ss
1043 3977 1059 4025 8
1074 3973 1111 4024 ad
1129 3972 1277 4041 grauidam
1294 3970 1419 4039 imperiis
1437 3987 1511 4038 supr.

235 4057 302 4095 aare.
321 4041 474 4108 parituram
493 4040 611 4108 imperia
630 4041 660 4093 F
671 4045 711 4110 119
730 4042 850 4095 multum
868 4042 956 4110 ΝΗΙΙ
969 4047 1087 4111 possunt
1102 4042 1132 4094 F
1143 4044 1152 4112 ΙΙ
1168 4050 1199 4096 11
1218 4043 1347 4111 plauctus
1361 4041 1392 4094 F
1417 4042 1512 4110 placa-

235 4115 280 4166 tus
299 4113 332 4165 H
343 4115 352 4182 ΙΙ
368 4118 398 4164 12
419 4111 606 4180 amphitrione
626 4112 656 4165 F
681 4113 882 4166 amamfarione
896 4113 928 4166 N
945 4113 1112 4182 (amfitrione
1130 4130 1262 4182 supersor.
1278 4114 1336 4168 ead.
1350 4121 1435 4178 maa.)
1455 4130 1512 4166 am-

234 4184 376 4253 phitrione
395 4183 422 4236 L
446 4175 637 4237 amamfariole
652 4183 686 4236 H
706 4184 862 4238 amfitrione
878 4185 915 4237 M
927 4186 936 4253 ΙΙ
949 4185 1068 4255 gramda
1082 4185 1116 4238 N
1118 4185 1183 4238 LH
1186 4186 1223 4238 M
1226 4205 1234 4237 ε
1253 4184 1347 4253 grauis
1361 4184 1391 4237 F
1403 4187 1412 4254 ΙΙ
1429 4190 1460 4237 13
1476 4185 1513 4237 ad

234 4273 258 4310 o.
278 4261 330 4309 229
348 4257 380 4308 iu
397 4271 483 4323 usurp.
503 4253 617 4322 quidam
635 4256 677 4309 ita
695 4256 827 4310 ordinant
849 4256 994 4323 grauidam
1017 4256 1128 4310 italiam
1151 4274 1243 4311 rerum
1265 4255 1459 4309 habundantia
1484 4257 1513 4308 et

235 4327 310 4381 hello
329 4325 495 4380 frementem
513 4330 623 4396 regeret
641 4327 765 4396 imperiis
783 4328 827 4396 Tu
843 4335 875 4380 14
893 4344 985 4381 rerum
1005 4328 1176 4383 abundantia
1195 4330 1224 4382 et
1242 4344 1291 4381 om.
1306 4327 1336 4379 F
1347 4330 1356 4396 ΙΙ
1372 4334 1404 4381 16
1423 4344 1513 4396 popu-

234 4397 289 4469 los]
309 4397 436 4467 placidas
461 4397 597 4467 Verpilius
619 4401 629 4468 11
657 4404 690 4453 19
710 4401 746 4453 od
764 4399 896 4468 proderet
913 4416 987 4466 supr.
1008 4416 1074 4453 oers.
1095 4399 1256 4454 ostenderet
1274 4400 1303 4453 ct
1321 4399 1513 4452 manifestaret

237 4469 262 4522 Τ
272 4473 281 4538 ΙΙ
300 4470 353 4523 hoc
372 4472 415 4524 est
435 4470 493 4538 Ml}
511 4480 697 4539 propurgaret
715 4471 745 4523 F
756 4475 765 4539 ΙΙ
784 4478 816 4525 21
836 4471 918 4524 112112
936 4470 1003 4523 FH
1013 4473 1022 4540 ΙΙ
1041 4477 1074 4524 22
1095 4469 1257 4541 producitur
1272 4470 1337 4545 pro]
1358 4488 1407 4539 pro
1427 4471 1513 4539 longa

234 4544 277 4594 est
295 4541 326 4594 F
344 4544 354 4611 ΙΙ
376 4558 427 4610 pro
446 4558 495 4595 oui.
517 4542 553 4594 M
575 4543 584 4610 ΙΙ
606 4541 705 4611 112101]
724 4559 833 4610 pressos
859 4542 996 4610 Verpilius
1018 4547 1028 4612 11
1051 4543 1215 4612 exspectant
1234 4585 1240 4596 .
1261 4583 1266 4594 .
1287 4582 1293 4595 .
1313 4542 1453 4610 significat
1472 4542 1511 4612 et]

234 4612 304 4665 alias
320 4614 357 4666 M
369 4615 378 4682 ΙΙ
392 4614 557 4682 exspectant
570 4612 612 4666 F:
630 4629 717 4666 nexae
737 4615 866 4682 speotant
879 4614 910 4667 N
914 4615 940 4667 L
959 4616 1019 4682 (del.
1035 4615 1055 4680 1)
1074 4614 1274 4681 uoxespeotant
1291 4614 1325 4665 H
1335 4617 1344 4681 ΙΙ
1360 4619 1393 4667 24
1412 4618 1441 4667 et
1456 4615 1511 4682 est]

235 4699 300 4737 sane
321 4686 357 4737 M
375 4687 403 4738 et
421 4687 453 4738 iu
471 4701 525 4739 ros.
541 4686 550 4738 1
564 4687 573 4754 ΙΙ
587 4684 616 4738 in
635 4701 684 4738 orn.
699 4684 729 4737 F
740 4686 750 4753 ΙΙ
764 4691 797 4738 25
818 4687 898 4755 haec]
918 4687 988 4740 haec
1007 4690 1050 4740 est
1069 4687 1106 4739 M
1118 4686 1128 4754 ΙΙ
1141 4682 1221 4754 lexis]
1241 4685 1366 4754 glossula
1385 4685 1415 4737 F
1438 4686 1511 4738 clau·

234 4756 295 4809 sula
312 4759 343 4809 iu
357 4773 411 4810 ros.
427 4758 437 4810 l
456 4759 479 4824 (1
497 4755 567 4810 lexis
585 4772 718 4825 supascr.
739 4758 798 4811 alia
815 4761 899 4825 sirau.)
928 4758 993 4811 lesis
1012 4758 1045 4810 H
1071 4755 1197 4811 clausula
1214 4757 1261 4810 uel
1280 4755 1349 4810 lexis
1369 4756 1512 4827 111111011-

234 4842 324 4881 121121
342 4827 423 4882 NHl
449 4828 548 4897 populi
567 4845 658 4883 semos
677 4827 703 4881 L
