<?xml version="1.0" encoding="UTF-8"?>
<!DOCTYPE html PUBLIC "-//W3C//DTD XHTML 1.0 Transitional//EN"
    "http://www.w3.org/TR/xhtml1/DTD/xhtml1-transitional.dtd">
<html xmlns="http://www.w3.org/1999/xhtml" xml:lang="en" lang="en">
 <head>
  <title>
</title>
<meta http-equiv="Content-Type" content="text/html;charset=utf-8" />
  <meta name='ocr-system' content='tesseract 3.04.00' />
  <meta name='ocr-capabilities' content='ocr_page ocr_carea ocr_par ocr_line ocrx_word'/>
</head>
<body>
  <div class='ocr_page' id='page_1' title='image "./serviigrammatic00thilgoog_0113.png"; bbox 0 0 3396 5422; ppageno 0'>
   <div class='ocr_carea' id='block_1_1' title="bbox 243 359 939 429">
    <p class='ocr_par' dir='ltr' id='par_1_1' title="bbox 243 359 939 429">
     <span class='ocr_line' id='line_1_1' title="bbox 243 359 939 429; baseline 0.003 -15"><span class='ocrx_word' id='word_1_1' title='bbox 243 365 309 429; x_wconf 81' lang='lat'>466</span> <span class='ocrx_word' id='word_1_2' title='bbox 818 359 939 416; x_wconf 82' lang='lat' dir='ltr'>suern</span> 
     </span>
    </p>
   </div>
   <div class='ocr_carea' id='block_1_2' title="bbox 155 522 1534 2646">
    <p class='ocr_par' dir='ltr' id='par_1_2' title="bbox 242 522 1519 610">
     <span class='ocr_line' id='line_1_2' title="bbox 242 522 1519 610; baseline -0.004 -16"><span class='ocrx_word' id='word_1_3' title='bbox 242 548 339 610; x_wconf 85' lang='lat' dir='ltr'>snpra</span> <span class='ocrx_word' id='word_1_4' title='bbox 366 528 456 593; x_wconf 82' lang='lat' dir='ltr'>dictis</span> <span class='ocrx_word' id='word_1_5' title='bbox 482 527 617 593; x_wconf 77' lang='lat' dir='ltr'>nasitus</span> <span class='ocrx_word' id='word_1_6' title='bbox 638 526 783 608; x_wconf 75' lang='lat' dir='ltr'>mutarit</span> <span class='ocrx_word' id='word_1_7' title='bbox 805 523 873 590; x_wconf 76' lang='lat' dir='ltr'>‘illc</span> <span class='ocrx_word' id='word_1_8' title='bbox 895 545 976 590; x_wconf 87' lang='lat' dir='ltr'>meos</span> <span class='ocrx_word' id='word_1_9' title='bbox 996 522 1137 606; x_wconf 83' lang='lat' dir='ltr'>prinms&#39;</span> <span class='ocrx_word' id='word_1_10' title='bbox 1160 529 1189 588; x_wconf 93' lang='lat' dir='ltr'>et</span> <span class='ocrx_word' id='word_1_11' title='bbox 1211 524 1341 605; x_wconf 77' lang='lat' dir='ltr'>reliqua.</span> <span class='ocrx_word' id='word_1_12' title='bbox 1384 545 1438 589; x_wconf 89' lang='lat' dir='ltr'>nec</span> <span class='ocrx_word' id='word_1_13' title='bbox 1461 525 1519 606; x_wconf 73' lang='lat' dir='ltr'>pla-</span> 
     </span>
    </p>

    <p class='ocr_par' dir='ltr' id='par_1_3' title="bbox 242 632 1519 715">
     <span class='ocr_line' id='line_1_3' title="bbox 242 632 1519 715; baseline 0 -16"><span class='ocrx_word' id='word_1_14' title='bbox 242 635 323 699; x_wconf 92' lang='lat' dir='ltr'>mini</span> <span class='ocrx_word' id='word_1_15' title='bbox 345 636 444 700; x_wconf 91' lang='lat' dir='ltr'>aliam</span> <span class='ocrx_word' id='word_1_16' title='bbox 466 637 571 700; x_wconf 86' lang='lat' dir='ltr'>ducem</span> <span class='ocrx_word' id='word_1_17' title='bbox 594 635 701 700; x_wconf 76' lang='lat' dir='ltr'><em>licebat</em></span> <span class='ocrx_word' id='word_1_18' title='bbox 722 654 856 711; x_wconf 84' lang='lat' dir='ltr'>urrerem,</span> <span class='ocrx_word' id='word_1_19' title='bbox 878 633 942 697; x_wconf 89' lang='lat' dir='ltr'>nisi</span> <span class='ocrx_word' id='word_1_20' title='bbox 959 637 1180 715; x_wconf 83' lang='lat' dir='ltr'>postmortem</span> <span class='ocrx_word' id='word_1_21' title='bbox 1197 632 1374 713; x_wconf 72' lang='lat' dir='ltr'>flaminicae</span> <span class='ocrx_word' id='word_1_22' title='bbox 1396 635 1519 699; x_wconf 74' lang='lat' dir='ltr'>aarum:</span> 
     </span>
    </p>

    <p class='ocr_par' dir='ltr' id='par_1_4' title="bbox 242 739 1523 825">
     <span class='ocr_line' id='line_1_4' title="bbox 242 739 1523 825; baseline 0 -19"><span class='ocrx_word' id='word_1_23' title='bbox 242 744 324 824; x_wconf 84' lang='lat' dir='ltr'>quod</span> <span class='ocrx_word' id='word_1_24' title='bbox 344 744 515 825; x_wconf 74' lang='lat' dir='ltr'><em>expeditur,</em></span> <span class='ocrx_word' id='word_1_25' title='bbox 546 743 622 824; x_wconf 77' lang='lat' dir='ltr'>quia</span> <span class='ocrx_word' id='word_1_26' title='bbox 645 746 718 824; x_wconf 84' lang='lat' dir='ltr'>post</span> <span class='ocrx_word' id='word_1_27' title='bbox 745 745 871 805; x_wconf 90' lang='lat' dir='ltr'>mortem</span> <span class='ocrx_word' id='word_1_28' title='bbox 900 739 1037 805; x_wconf 78' lang='lat' dir='ltr'>Didonis</span> <span class='ocrx_word' id='word_1_29' title='bbox 1064 740 1233 804; x_wconf 78' lang='lat' dir='ltr'>laciniam</span> <span class='ocrx_word' id='word_1_30' title='bbox 1260 741 1361 825; x_wconf 84' lang='lat' dir='ltr'>duait,</span> <span class='ocrx_word' id='word_1_31' title='bbox 1388 746 1416 805; x_wconf 91' lang='lat' dir='ltr'>et</span> <span class='ocrx_word' id='word_1_32' title='bbox 1442 743 1523 823; x_wconf 83' lang='lat' dir='ltr'>quod</span> 
     </span>
    </p>

    <p class='ocr_par' dir='ltr' id='par_1_5' title="bbox 208 847 1522 1041">
     <span class='ocr_line' id='line_1_5' title="bbox 241 847 1522 933; baseline -0.002 -18"><span class='ocrx_word' id='word_1_33' title='bbox 241 850 385 933; x_wconf 82' lang='lat' dir='ltr'>subrepta</span> <span class='ocrx_word' id='word_1_34' title='bbox 406 851 451 915; x_wconf 86' lang='lat' dir='ltr'>vel</span> <span class='ocrx_word' id='word_1_35' title='bbox 473 855 589 914; x_wconf 85' lang='lat' dir='ltr'>retenta</span> <span class='ocrx_word' id='word_1_36' title='bbox 607 847 722 915; x_wconf 81' lang='lat' dir='ltr'>Creusa</span> <span class='ocrx_word' id='word_1_37' title='bbox 745 869 781 913; x_wconf 86' lang='lat' dir='ltr'>erc</span> <span class='ocrx_word' id='word_1_38' title='bbox 799 847 897 929; x_wconf 75' lang='lat' dir='ltr'>iprsim</span> <span class='ocrx_word' id='word_1_39' title='bbox 914 868 1031 929; x_wconf 81' lang='lat' dir='ltr'>quoque</span> <span class='ocrx_word' id='word_1_40' title='bbox 1049 847 1234 926; x_wconf 79' lang='lat' dir='ltr'>confessione</span> <span class='ocrx_word' id='word_1_41' title='bbox 1252 852 1281 911; x_wconf 90' lang='lat' dir='ltr'>et</span> <span class='ocrx_word' id='word_1_42' title='bbox 1294 849 1522 929; x_wconf 88' lang='lat' dir='ltr'>praedicatione</span> 
     </span>
     <span class='ocr_line' id='line_1_6' title="bbox 208 955 1321 1041; baseline 0 -22"><span class='ocrx_word' id='word_1_43' title='bbox 208 959 328 1041; x_wconf 75' lang='lat' dir='ltr'>erepta</span> <span class='ocrx_word' id='word_1_44' title='bbox 345 964 463 1041; x_wconf 89' lang='lat' dir='ltr'>paratu</span> <span class='ocrx_word' id='word_1_45' title='bbox 484 958 597 1037; x_wconf 80' lang='lat' dir='ltr'>fuerit:</span> <span class='ocrx_word' id='word_1_46' title='bbox 619 977 678 1039; x_wconf 81' lang='lat' dir='ltr'>quo</span> <span class='ocrx_word' id='word_1_47' title='bbox 702 956 824 1020; x_wconf 92' lang='lat' dir='ltr'>nullum</span> <span class='ocrx_word' id='word_1_48' title='bbox 841 955 1003 1037; x_wconf 83' lang='lat' dir='ltr'>piaculum</span> <span class='ocrx_word' id='word_1_49' title='bbox 1024 955 1092 1034; x_wconf 80' lang='lat' dir='ltr'>fore</span> <span class='ocrx_word' id='word_1_50' title='bbox 1112 956 1321 1020; x_wconf 83' lang='lat' dir='ltr'>denuntiatur.</span> 
     </span>
    </p>

    <p class='ocr_par' dir='ltr' id='par_1_6' title="bbox 243 1061 1522 1466">
     <span class='ocr_line' id='line_1_7' title="bbox 332 1061 1521 1130; baseline -0.001 -1"><span class='ocrx_word' id='word_1_51' title='bbox 332 1066 385 1129; x_wconf 86' lang='lat'>30.</span> <span class='ocrx_word' id='word_1_52' title='bbox 428 1082 535 1130; x_wconf 84' lang='lat' dir='ltr'>smvu</span> <span class='ocrx_word' id='word_1_53' title='bbox 563 1081 729 1129; x_wconf 75' lang='lat' dir='ltr'>arearum</span> <span class='ocrx_word' id='word_1_54' title='bbox 758 1079 925 1127; x_wconf 80' lang='lat' dir='ltr'>iurnnvrr</span> <span class='ocrx_word' id='word_1_55' title='bbox 959 1079 1107 1128; x_wconf 78' lang='lat' dir='ltr'>ossoams</span> <span class='ocrx_word' id='word_1_56' title='bbox 1141 1061 1230 1126; x_wconf 91' lang='lat' dir='ltr'>sinus</span> <span class='ocrx_word' id='word_1_57' title='bbox 1258 1061 1394 1127; x_wconf 85' lang='lat' dir='ltr'><strong>dicimus</strong></span> <span class='ocrx_word' id='word_1_58' title='bbox 1426 1064 1521 1128; x_wconf 88' lang='lat' dir='ltr'>orbes</span> 
     </span>
     <span class='ocr_line' id='line_1_8' title="bbox 243 1169 1522 1255; baseline -0.001 -19"><span class='ocrx_word' id='word_1_59' title='bbox 243 1172 418 1255; x_wconf 87' lang='lat' dir='ltr'>oculorum,</span> <span class='ocrx_word' id='word_1_60' title='bbox 442 1171 475 1236; x_wconf 93' lang='lat' dir='ltr'>id</span> <span class='ocrx_word' id='word_1_61' title='bbox 500 1176 549 1237; x_wconf 86' lang='lat' dir='ltr'>est</span> <span class='ocrx_word' id='word_1_62' title='bbox 579 1170 763 1255; x_wconf 85' lang='lat' dir='ltr'>palpebras,</span> <span class='ocrx_word' id='word_1_63' title='bbox 792 1191 874 1254; x_wconf 87' lang='lat' dir='ltr'>quae</span> <span class='ocrx_word' id='word_1_64' title='bbox 903 1191 922 1232; x_wconf 88' lang='lat' dir='ltr'>a</span> <span class='ocrx_word' id='word_1_65' title='bbox 950 1169 1165 1252; x_wconf 75' lang='lat' dir='ltr'>palpitatione</span> <span class='ocrx_word' id='word_1_66' title='bbox 1194 1169 1299 1234; x_wconf 87' lang='lat' dir='ltr'>dictae</span> <span class='ocrx_word' id='word_1_67' title='bbox 1329 1173 1418 1235; x_wconf 87' lang='lat' dir='ltr'>sunt:</span> <span class='ocrx_word' id='word_1_68' title='bbox 1446 1192 1522 1235; x_wconf 90' lang='lat' dir='ltr'>nam</span> 
     </span>
     <span class='ocr_line' id='line_1_9' title="bbox 243 1256 1521 1362; baseline -0.001 -19"><span class='ocrx_word' id='word_1_69' title='bbox 243 1300 371 1362; x_wconf 89' lang='lat' dir='ltr'>semper</span> <span class='ocrx_word' id='word_1_70' title='bbox 393 1256 573 1343; x_wconf 84' lang='lat' dir='ltr'>moventur.</span> <span class='ocrx_word' id='word_1_71' title='bbox 620 1275 792 1361; x_wconf 77' lang='lat' dir='ltr'>‘implevit&#39;</span> <span class='ocrx_word' id='word_1_72' title='bbox 817 1280 926 1340; x_wconf 87' lang='lat' dir='ltr'>autem</span> <span class='ocrx_word' id='word_1_73' title='bbox 949 1275 1030 1358; x_wconf 88' lang='lat' dir='ltr'>idea,</span> <span class='ocrx_word' id='word_1_74' title='bbox 1054 1276 1130 1360; x_wconf 91' lang='lat' dir='ltr'>quia</span> <span class='ocrx_word' id='word_1_75' title='bbox 1153 1276 1307 1341; x_wconf 84' lang='lat' dir='ltr'>lacrimae</span> <span class='ocrx_word' id='word_1_76' title='bbox 1330 1277 1521 1362; x_wconf 90' lang='lat' dir='ltr'>plerumque</span> 
     </span>
     <span class='ocr_line' id='line_1_10' title="bbox 245 1382 1522 1466; baseline 0.001 -18"><span class='ocrx_word' id='word_1_77' title='bbox 245 1407 280 1449; x_wconf 89' lang='lat' dir='ltr'>se</span> <span class='ocrx_word' id='word_1_78' title='bbox 302 1385 389 1450; x_wconf 88' lang='lat' dir='ltr'>intra</span> <span class='ocrx_word' id='word_1_79' title='bbox 413 1386 522 1451; x_wconf 89' lang='lat' dir='ltr'>oculos</span> <span class='ocrx_word' id='word_1_80' title='bbox 546 1387 666 1449; x_wconf 86' lang='lat' dir='ltr'>tenent.</span> <span class='ocrx_word' id='word_1_81' title='bbox 714 1387 748 1448; x_wconf 84' lang='lat' dir='ltr'>et</span> <span class='ocrx_word' id='word_1_82' title='bbox 770 1384 851 1447; x_wconf 91' lang='lat' dir='ltr'>bene</span> <span class='ocrx_word' id='word_1_83' title='bbox 880 1382 1050 1466; x_wconf 73' lang='lat' dir='ltr'>praemisit</span> <span class='ocrx_word' id='word_1_84' title='bbox 1079 1383 1320 1448; x_wconf 86' lang='lat' dir='ltr'>exeusationem</span> <span class='ocrx_word' id='word_1_85' title='bbox 1348 1385 1401 1449; x_wconf 92' lang='lat' dir='ltr'>his</span> <span class='ocrx_word' id='word_1_86' title='bbox 1430 1385 1522 1450; x_wconf 89' lang='lat' dir='ltr'>lacri-</span> 
     </span>
    </p>

    <p class='ocr_par' dir='ltr' id='par_1_7' title="bbox 191 1490 1522 1687">
     <span class='ocr_line' id='line_1_11' title="bbox 191 1490 1522 1575; baseline 0.003 -23"><span class='ocrx_word' id='word_1_87' title='bbox 191 1505 223 1552; x_wconf 92' lang='lat'>10</span> <span class='ocrx_word' id='word_1_88' title='bbox 246 1493 308 1557; x_wconf 89' lang='lat' dir='ltr'>mis</span> <span class='ocrx_word' id='word_1_89' title='bbox 337 1493 642 1558; x_wconf 80' lang='lat' dir='ltr'>commemoratione</span> <span class='ocrx_word' id='word_1_90' title='bbox 676 1492 795 1575; x_wconf 91' lang='lat' dir='ltr'>prioris</span> <span class='ocrx_word' id='word_1_91' title='bbox 831 1490 951 1574; x_wconf 88' lang='lat' dir='ltr'>mariti,</span> <span class='ocrx_word' id='word_1_92' title='bbox 981 1491 1073 1571; x_wconf 76' lang='lat' dir='ltr'>quasi</span> <span class='ocrx_word' id='word_1_93' title='bbox 1099 1496 1226 1573; x_wconf 81' lang='lat' dir='ltr'>propter</span> <span class='ocrx_word' id='word_1_94' title='bbox 1253 1493 1402 1556; x_wconf 91' lang='lat' dir='ltr'>maritum</span> <span class='ocrx_word' id='word_1_95' title='bbox 1429 1493 1522 1574; x_wconf 78' lang='lat' dir='ltr'>fleret,</span> 
     </span>
     <span class='ocr_line' id='line_1_12' title="bbox 248 1601 1049 1687; baseline -0.002 -22"><span class='ocrx_word' id='word_1_96' title='bbox 248 1621 317 1665; x_wconf 82' lang='lat' dir='ltr'>acm</span> <span class='ocrx_word' id='word_1_97' title='bbox 340 1620 443 1664; x_wconf 90' lang='lat' dir='ltr'>amore</span> <span class='ocrx_word' id='word_1_98' title='bbox 465 1606 583 1683; x_wconf 77' lang='lat' dir='ltr'>repente</span> <span class='ocrx_word' id='word_1_99' title='bbox 606 1601 791 1665; x_wconf 75' lang='lat' dir='ltr'>lacrimaret.</span> <span class='ocrx_word' id='word_1_100' title='bbox 1046 1680 1049 1687; x_wconf 24' lang='grc' dir='ltr'><strong><em>Ι</em></strong></span> 
     </span>
    </p>

    <p class='ocr_par' dir='ltr' id='par_1_8' title="bbox 246 1705 1525 2004">
     <span class='ocr_line' id='line_1_13' title="bbox 335 1705 1522 1787; baseline 0 -17"><span class='ocrx_word' id='word_1_101' title='bbox 335 1707 387 1771; x_wconf 84' lang='grc'><strong>31.</strong></span> <span class='ocrx_word' id='word_1_102' title='bbox 425 1725 520 1771; x_wconf 73' lang='lat' dir='ltr'>auur</span> <span class='ocrx_word' id='word_1_103' title='bbox 543 1726 680 1771; x_wconf 79' lang='lat' dir='ltr'>uerear</span> <span class='ocrx_word' id='word_1_104' title='bbox 705 1708 783 1770; x_wconf 90' lang='lat' dir='ltr'>mire</span> <span class='ocrx_word' id='word_1_105' title='bbox 804 1707 923 1771; x_wconf 88' lang='lat' dir='ltr'>ridetur</span> <span class='ocrx_word' id='word_1_106' title='bbox 941 1706 1122 1771; x_wconf 76' lang='lat' dir='ltr'>intellexisse</span> <span class='ocrx_word' id='word_1_107' title='bbox 1141 1705 1254 1783; x_wconf 86' lang='lat' dir='ltr'>Aunu,</span> <span class='ocrx_word' id='word_1_108' title='bbox 1277 1706 1353 1787; x_wconf 76' lang='lat' dir='ltr'>quid</span> <span class='ocrx_word' id='word_1_109' title='bbox 1370 1707 1431 1771; x_wconf 86' lang='lat' dir='ltr'>sili</span> <span class='ocrx_word' id='word_1_110' title='bbox 1452 1727 1522 1771; x_wconf 82' lang='lat' dir='ltr'>uca-</span> 
     </span>
     <span class='ocr_line' id='line_1_14' title="bbox 246 1812 1522 1898; baseline -0.001 -19"><span class='ocrx_word' id='word_1_111' title='bbox 246 1815 312 1879; x_wconf 85' lang='lat' dir='ltr'>deri</span> <span class='ocrx_word' id='word_1_112' title='bbox 339 1813 425 1878; x_wconf 88' lang='lat' dir='ltr'>vellet</span> <span class='ocrx_word' id='word_1_113' title='bbox 454 1813 547 1878; x_wconf 89' lang='lat' dir='ltr'>Dida.</span> <span class='ocrx_word' id='word_1_114' title='bbox 598 1819 626 1878; x_wconf 92' lang='lat' dir='ltr'>et</span> <span class='ocrx_word' id='word_1_115' title='bbox 649 1812 796 1877; x_wconf 87' lang='lat' dir='ltr'>suasoria</span> <span class='ocrx_word' id='word_1_116' title='bbox 819 1817 869 1876; x_wconf 90' lang='lat' dir='ltr'>est</span> <span class='ocrx_word' id='word_1_117' title='bbox 893 1812 981 1876; x_wconf 93' lang='lat' dir='ltr'>omni</span> <span class='ocrx_word' id='word_1_118' title='bbox 1005 1816 1099 1895; x_wconf 89' lang='lat' dir='ltr'>parte</span> <span class='ocrx_word' id='word_1_119' title='bbox 1122 1812 1232 1895; x_wconf 90' lang='lat' dir='ltr'>plena:</span> <span class='ocrx_word' id='word_1_120' title='bbox 1255 1834 1331 1875; x_wconf 88' lang='lat' dir='ltr'>nam</span> <span class='ocrx_word' id='word_1_121' title='bbox 1351 1816 1383 1876; x_wconf 93' lang='lat' dir='ltr'>et</span> <span class='ocrx_word' id='word_1_122' title='bbox 1402 1820 1522 1898; x_wconf 85' lang='lat' dir='ltr'>purgat</span> 
     </span>
     <span class='ocr_line' id='line_1_15' title="bbox 247 1918 1525 2004; baseline 0 -19"><span class='ocrx_word' id='word_1_123' title='bbox 247 1921 383 2004; x_wconf 88' lang='lat' dir='ltr'>obiecta,</span> <span class='ocrx_word' id='word_1_124' title='bbox 407 1923 440 1984; x_wconf 91' lang='lat' dir='ltr'>et</span> <span class='ocrx_word' id='word_1_125' title='bbox 463 1920 605 1984; x_wconf 84' lang='lat' dir='ltr'>ostendit</span> <span class='ocrx_word' id='word_1_126' title='bbox 628 1920 821 1999; x_wconf 87' lang='lat' dir='ltr'>utilitatem,</span> <span class='ocrx_word' id='word_1_127' title='bbox 849 1923 882 1982; x_wconf 89' lang='lat' dir='ltr'>et</span> <span class='ocrx_word' id='word_1_128' title='bbox 905 1942 924 1983; x_wconf 86' lang='lat' dir='ltr'>a</span> <span class='ocrx_word' id='word_1_129' title='bbox 950 1919 1068 1983; x_wconf 90' lang='lat' dir='ltr'>timore</span> <span class='ocrx_word' id='word_1_130' title='bbox 1096 1918 1278 2002; x_wconf 87' lang='lat' dir='ltr'>persuadet.</span> <span class='ocrx_word' id='word_1_131' title='bbox 1324 1924 1353 1983; x_wconf 91' lang='lat' dir='ltr'>et</span> <span class='ocrx_word' id='word_1_132' title='bbox 1378 1940 1453 1985; x_wconf 87' lang='lat' dir='ltr'>usus</span> <span class='ocrx_word' id='word_1_133' title='bbox 1481 1926 1525 1984; x_wconf 91' lang='lat' dir='ltr'>est</span> 
     </span>
    </p>

    <p class='ocr_par' dir='ltr' id='par_1_9' title="bbox 155 2012 1534 2646">
     <span class='ocr_line' id='line_1_16' title="bbox 202 2012 1526 2110; baseline 0.004 -24"><span class='ocrx_word' id='word_1_134' title='bbox 202 2012 233 2087; x_wconf 76' lang='lat' dir='ltr'>ie</span> <span class='ocrx_word' id='word_1_135' title='bbox 252 2033 325 2109; x_wconf 86' lang='lat' dir='ltr'>apto</span> <span class='ocrx_word' id='word_1_136' title='bbox 348 2047 458 2091; x_wconf 86' lang='lat' dir='ltr'>causac</span> <span class='ocrx_word' id='word_1_137' title='bbox 474 2028 648 2110; x_wconf 77' lang='lat' dir='ltr'>principio:</span> <span class='ocrx_word' id='word_1_138' title='bbox 671 2047 746 2090; x_wconf 91' lang='lat' dir='ltr'>uam</span> <span class='ocrx_word' id='word_1_139' title='bbox 764 2047 832 2090; x_wconf 86' lang='lat' dir='ltr'>cunr</span> <span class='ocrx_word' id='word_1_140' title='bbox 851 2026 1109 2108; x_wconf 76' lang='lat' dir='ltr'>aliquidpropter</span> <span class='ocrx_word' id='word_1_141' title='bbox 1126 2046 1182 2091; x_wconf 91' lang='lat' dir='ltr'>nos</span> <span class='ocrx_word' id='word_1_142' title='bbox 1194 2027 1337 2109; x_wconf 89' lang='lat' dir='ltr'>petimus,</span> <span class='ocrx_word' id='word_1_143' title='bbox 1356 2027 1526 2092; x_wconf 84' lang='lat' dir='ltr'>beniuolum</span> 
     </span>
     <span class='ocr_line' id='line_1_17' title="bbox 247 2128 1534 2222; baseline -0.001 -23"><span class='ocrx_word' id='word_1_144' title='bbox 247 2135 334 2200; x_wconf 85' lang='lat' dir='ltr'>nobis</span> <span class='ocrx_word' id='word_1_145' title='bbox 357 2155 425 2198; x_wconf 91' lang='lat' dir='ltr'>eum</span> <span class='ocrx_word' id='word_1_146' title='bbox 447 2136 502 2216; x_wconf 76' lang='lat' dir='ltr'>qui</span> <span class='ocrx_word' id='word_1_147' title='bbox 524 2135 613 2198; x_wconf 89' lang='lat' dir='ltr'>audit</span> <span class='ocrx_word' id='word_1_148' title='bbox 632 2134 733 2214; x_wconf 81' lang='lat' dir='ltr'>facere</span> <span class='ocrx_word' id='word_1_149' title='bbox 760 2134 913 2210; x_wconf 62' lang='lat' dir='ltr'>deterream</span> <span class='ocrx_word' id='word_1_150' title='bbox 941 2128 1011 2197; x_wconf 84' lang='lat' dir='ltr'>urm</span> <span class='ocrx_word' id='word_1_151' title='bbox 1033 2134 1068 2198; x_wconf 91' lang='lat' dir='ltr'>iu</span> <span class='ocrx_word' id='word_1_152' title='bbox 1095 2134 1199 2198; x_wconf 84' lang='lat' dir='ltr'>alierm</span> <span class='ocrx_word' id='word_1_153' title='bbox 1222 2153 1316 2197; x_wconf 83' lang='lat' dir='ltr'>caasa</span> <span class='ocrx_word' id='word_1_154' title='bbox 1343 2136 1492 2198; x_wconf 90' lang='lat' dir='ltr'>sententia</span> <span class='ocrx_word' id='word_1_155' title='bbox 1531 2217 1534 2222; x_wconf 18' lang='grc' dir='ltr'>Ι</span> 
     </span>
     <span class='ocr_line' id='line_1_18' title="bbox 248 2239 1523 2322; baseline -0.002 -16"><span class='ocrx_word' id='word_1_156' title='bbox 248 2243 385 2319; x_wconf 86' lang='lat' dir='ltr'>dicimus,</span> <span class='ocrx_word' id='word_1_157' title='bbox 408 2262 465 2306; x_wconf 89' lang='lat' dir='ltr'>nos</span> <span class='ocrx_word' id='word_1_158' title='bbox 486 2242 535 2306; x_wconf 92' lang='lat' dir='ltr'>illi</span> <span class='ocrx_word' id='word_1_159' title='bbox 558 2241 709 2305; x_wconf 80' lang='lat' dir='ltr'>benivolos</span> <span class='ocrx_word' id='word_1_160' title='bbox 731 2240 870 2305; x_wconf 84' lang='lat' dir='ltr'>debemus</span> <span class='ocrx_word' id='word_1_161' title='bbox 897 2242 1062 2319; x_wconf 78' lang='lat' dir='ltr'>ostendere,</span> <span class='ocrx_word' id='word_1_162' title='bbox 1090 2245 1125 2304; x_wconf 93' lang='lat' dir='ltr'>ut</span> <span class='ocrx_word' id='word_1_163' title='bbox 1150 2239 1299 2304; x_wconf 81' lang='lat' dir='ltr'>iubeatur</span> <span class='ocrx_word' id='word_1_164' title='bbox 1326 2241 1414 2305; x_wconf 87' lang='lat' dir='ltr'>dictis</span> <span class='ocrx_word' id='word_1_165' title='bbox 1440 2241 1523 2322; x_wconf 75' lang='lat' dir='ltr'>fides.</span> 
     </span>
     <span class='ocr_line' id='line_1_19' title="bbox 155 2345 1526 2431; baseline 0 -18"><span class='ocrx_word' id='word_1_166' title='bbox 155 2418 160 2428; x_wconf 66' lang='grc'>,</span> <span class='ocrx_word' id='word_1_167' title='bbox 242 2354 408 2431; x_wconf 80' lang='lat' dir='ltr'>postquam</span> <span class='ocrx_word' id='word_1_168' title='bbox 430 2349 527 2430; x_wconf 78' lang='lat' dir='ltr'>ipitur</span> <span class='ocrx_word' id='word_1_169' title='bbox 548 2349 671 2412; x_wconf 79' lang='lat' dir='ltr'>dueudo</span> <span class='ocrx_word' id='word_1_170' title='bbox 695 2346 724 2411; x_wconf 71' lang='lat' dir='ltr'>‘a</span> <span class='ocrx_word' id='word_1_171' title='bbox 748 2348 812 2412; x_wconf 91' lang='lat' dir='ltr'>luce</span> <span class='ocrx_word' id='word_1_172' title='bbox 834 2349 934 2430; x_wconf 81' lang='lat' dir='ltr'>mapis</span> <span class='ocrx_word' id='word_1_173' title='bbox 955 2349 1066 2413; x_wconf 83' lang='lat' dir='ltr'>diledu</span> <span class='ocrx_word' id='word_1_174' title='bbox 1087 2345 1197 2412; x_wconf 87' lang='lat' dir='ltr'>sorori&#39;</span> <span class='ocrx_word' id='word_1_175' title='bbox 1221 2349 1351 2412; x_wconf 78' lang='lat' dir='ltr'>ostendit</span> <span class='ocrx_word' id='word_1_176' title='bbox 1367 2348 1448 2413; x_wconf 77' lang='lat' dir='ltr'>nillil</span> <span class='ocrx_word' id='word_1_177' title='bbox 1465 2350 1526 2414; x_wconf 85' lang='lat' dir='ltr'>sibi</span> 
     </span>
     <span class='ocr_line' id='line_1_20' title="bbox 197 2454 1525 2536; baseline 0.001 -16"><span class='ocrx_word' id='word_1_178' title='bbox 197 2501 202 2513; x_wconf 84' lang='lat'><em>.</em></span> <span class='ocrx_word' id='word_1_179' title='bbox 248 2476 350 2521; x_wconf 89' lang='lat' dir='ltr'>sorore</span> <span class='ocrx_word' id='word_1_180' title='bbox 372 2475 434 2520; x_wconf 88' lang='lat' dir='ltr'>esse</span> <span class='ocrx_word' id='word_1_181' title='bbox 455 2456 571 2533; x_wconf 90' lang='lat' dir='ltr'>carius,</span> <span class='ocrx_word' id='word_1_182' title='bbox 593 2475 748 2519; x_wconf 88' lang='lat' dir='ltr'>summam</span> <span class='ocrx_word' id='word_1_183' title='bbox 775 2456 821 2519; x_wconf 91' lang='lat' dir='ltr'>rei</span> <span class='ocrx_word' id='word_1_184' title='bbox 837 2456 942 2536; x_wconf 85' lang='lat' dir='ltr'>ponit,</span> <span class='ocrx_word' id='word_1_185' title='bbox 969 2476 1012 2519; x_wconf 90' lang='lat' dir='ltr'>an</span> <span class='ocrx_word' id='word_1_186' title='bbox 1034 2456 1161 2536; x_wconf 81' lang='lat' dir='ltr'>nuptiae</span> <span class='ocrx_word' id='word_1_187' title='bbox 1186 2455 1345 2535; x_wconf 80' lang='lat' dir='ltr'>faciendae</span> <span class='ocrx_word' id='word_1_188' title='bbox 1377 2457 1441 2520; x_wconf 93' lang='lat' dir='ltr'>sint</span> <span class='ocrx_word' id='word_1_189' title='bbox 1468 2454 1525 2521; x_wconf 75' lang='lat' dir='ltr'>‘so-</span> 
     </span>
     <span class='ocr_line' id='line_1_21' title="bbox 196 2561 1526 2646; baseline 0.005 -24"><span class='ocrx_word' id='word_1_190' title='bbox 196 2574 230 2622; x_wconf 79' lang='lat'>20</span> <span class='ocrx_word' id='word_1_191' title='bbox 250 2563 320 2628; x_wconf 91' lang='lat' dir='ltr'>lane</span> <span class='ocrx_word' id='word_1_192' title='bbox 343 2567 492 2645; x_wconf 83' lang='lat' dir='ltr'>perpetua</span> <span class='ocrx_word' id='word_1_193' title='bbox 526 2583 664 2626; x_wconf 77' lang='lat' dir='ltr'>maumas</span> <span class='ocrx_word' id='word_1_194' title='bbox 696 2583 819 2644; x_wconf 89' lang='lat' dir='ltr'>carpere</span> <span class='ocrx_word' id='word_1_195' title='bbox 849 2561 997 2640; x_wconf 90' lang='lat' dir='ltr'>iureuta&#39;,</span> <span class='ocrx_word' id='word_1_196' title='bbox 1029 2564 1100 2626; x_wconf 89' lang='lat' dir='ltr'>iude</span> <span class='ocrx_word' id='word_1_197' title='bbox 1123 2567 1231 2644; x_wconf 88' lang='lat' dir='ltr'>partes</span> <span class='ocrx_word' id='word_1_198' title='bbox 1258 2564 1320 2626; x_wconf 87' lang='lat' dir='ltr'>rei:</span> <span class='ocrx_word' id='word_1_199' title='bbox 1347 2583 1368 2626; x_wconf 93' lang='lat' dir='ltr'>a</span> <span class='ocrx_word' id='word_1_200' title='bbox 1390 2583 1526 2646; x_wconf 87' lang='lat' dir='ltr'>persana</span> 
     </span>
    </p>
   </div>
   <div class='ocr_carea' id='block_1_3' title="bbox 198 2669 1527 3396">
    <p class='ocr_par' dir='ltr' id='par_1_10' title="bbox 198 2669 1527 3396">
     <span class='ocr_line' id='line_1_22' title="bbox 248 2669 1524 2754; baseline -0.001 -19"><span class='ocrx_word' id='word_1_201' title='bbox 248 2669 399 2753; x_wconf 82' lang='lat' dir='ltr'>Didonis,</span> <span class='ocrx_word' id='word_1_202' title='bbox 421 2690 478 2754; x_wconf 90' lang='lat' dir='ltr'>an,</span> <span class='ocrx_word' id='word_1_203' title='bbox 500 2670 575 2751; x_wconf 77' lang='lat' dir='ltr'>quia</span> <span class='ocrx_word' id='word_1_204' title='bbox 597 2671 749 2733; x_wconf 89' lang='lat' dir='ltr'>maritum</span> <span class='ocrx_word' id='word_1_205' title='bbox 766 2670 950 2752; x_wconf 82' lang='lat' dir='ltr'>perdiderit,</span> <span class='ocrx_word' id='word_1_206' title='bbox 973 2669 1074 2733; x_wconf 88' lang='lat' dir='ltr'>alirun</span> <span class='ocrx_word' id='word_1_207' title='bbox 1096 2670 1230 2751; x_wconf 78' lang='lat' dir='ltr'>accipere</span> <span class='ocrx_word' id='word_1_208' title='bbox 1252 2670 1355 2734; x_wconf 87' lang='lat' dir='ltr'>debeat</span> <span class='ocrx_word' id='word_1_209' title='bbox 1378 2669 1428 2734; x_wconf 77' lang='lat' dir='ltr'>‘id</span> <span class='ocrx_word' id='word_1_210' title='bbox 1449 2672 1524 2734; x_wconf 90' lang='lat' dir='ltr'>cine-</span> 
     </span>
     <span class='ocr_line' id='line_1_23' title="bbox 248 2773 1526 2859; baseline 0.002 -19"><span class='ocrx_word' id='word_1_211' title='bbox 248 2798 313 2842; x_wconf 92' lang='lat' dir='ltr'>rem</span> <span class='ocrx_word' id='word_1_212' title='bbox 335 2781 392 2840; x_wconf 91' lang='lat' dir='ltr'>aut</span> <span class='ocrx_word' id='word_1_213' title='bbox 413 2796 518 2842; x_wconf 88' lang='lat' dir='ltr'>rnaues</span> <span class='ocrx_word' id='word_1_214' title='bbox 541 2777 637 2841; x_wconf 87' lang='lat' dir='ltr'>cratis</span> <span class='ocrx_word' id='word_1_215' title='bbox 659 2796 768 2840; x_wconf 90' lang='lat' dir='ltr'>curare</span> <span class='ocrx_word' id='word_1_216' title='bbox 794 2773 965 2857; x_wconf 77' lang='lat' dir='ltr'>sepultos&#39;?</span> <span class='ocrx_word' id='word_1_217' title='bbox 1005 2795 1026 2838; x_wconf 94' lang='lat' dir='ltr'>a</span> <span class='ocrx_word' id='word_1_218' title='bbox 1047 2795 1182 2856; x_wconf 88' lang='lat' dir='ltr'>persona</span> <span class='ocrx_word' id='word_1_219' title='bbox 1208 2776 1331 2841; x_wconf 87' lang='lat' dir='ltr'>Aeneae</span> <span class='ocrx_word' id='word_1_220' title='bbox 1361 2776 1526 2859; x_wconf 81' lang='lat' dir='ltr'>‘placitone</span> 
     </span>
     <span class='ocr_line' id='line_1_24' title="bbox 249 2881 1526 2966; baseline 0.001 -17"><span class='ocrx_word' id='word_1_221' title='bbox 249 2886 342 2949; x_wconf 90' lang='lat' dir='ltr'>etiam</span> <span class='ocrx_word' id='word_1_222' title='bbox 359 2884 516 2966; x_wconf 76' lang='lat' dir='ltr'>pupuatis</span> <span class='ocrx_word' id='word_1_223' title='bbox 538 2881 679 2947; x_wconf 78' lang='lat' dir='ltr'>arrrcri&#39;?</span> <span class='ocrx_word' id='word_1_224' title='bbox 702 2903 723 2947; x_wconf 96' lang='lat' dir='ltr'>a</span> <span class='ocrx_word' id='word_1_225' title='bbox 742 2883 803 2947; x_wconf 92' lang='lat' dir='ltr'>loco</span> <span class='ocrx_word' id='word_1_226' title='bbox 828 2881 896 2946; x_wconf 78' lang='lat' dir='ltr'>‘nec</span> <span class='ocrx_word' id='word_1_227' title='bbox 913 2883 995 2946; x_wconf 88' lang='lat' dir='ltr'>uenit</span> <span class='ocrx_word' id='word_1_228' title='bbox 1012 2883 1046 2945; x_wconf 90' lang='lat' dir='ltr'>in</span> <span class='ocrx_word' id='word_1_229' title='bbox 1065 2887 1193 2947; x_wconf 86' lang='lat' dir='ltr'>mentera</span> <span class='ocrx_word' id='word_1_230' title='bbox 1211 2904 1343 2966; x_wconf 77' lang='lat' dir='ltr'>quorum</span> <span class='ocrx_word' id='word_1_231' title='bbox 1361 2886 1526 2950; x_wconf 86' lang='lat' dir='ltr'>consederis</span> 
     </span>
     <span class='ocr_line' id='line_1_25' title="bbox 249 2989 1525 3073; baseline 0.001 -18"><span class='ocrx_word' id='word_1_232' title='bbox 249 2989 349 3056; x_wconf 86' lang='lat' dir='ltr'>arcis’</span> <span class='ocrx_word' id='word_1_233' title='bbox 373 3012 394 3054; x_wconf 92' lang='lat' dir='ltr'>a</span> <span class='ocrx_word' id='word_1_234' title='bbox 418 2992 525 3054; x_wconf 87' lang='lat' dir='ltr'>timore</span> <span class='ocrx_word' id='word_1_235' title='bbox 549 2989 640 3072; x_wconf 71' lang='lat' dir='ltr'>‘quid</span> <span class='ocrx_word' id='word_1_236' title='bbox 662 2990 740 3054; x_wconf 84' lang='lat' dir='ltr'>bella</span> <span class='ocrx_word' id='word_1_237' title='bbox 765 2990 846 3072; x_wconf 74' lang='lat' dir='ltr'>Tura</span> <span class='ocrx_word' id='word_1_238' title='bbox 871 2991 1029 3071; x_wconf 75' lang='lat' dir='ltr'>surpentia</span> <span class='ocrx_word' id='word_1_239' title='bbox 1051 2991 1152 3054; x_wconf 89' lang='lat' dir='ltr'>dicam</span> <span class='ocrx_word' id='word_1_240' title='bbox 1167 2993 1366 3073; x_wconf 76' lang='lat' dir='ltr'>pareantque</span> <span class='ocrx_word' id='word_1_241' title='bbox 1388 2991 1525 3056; x_wconf 80' lang='lat' dir='ltr'>minas’?</span> 
     </span>
     <span class='ocr_line' id='line_1_26' title="bbox 198 3096 1526 3179; baseline 0.002 -17"><span class='ocrx_word' id='word_1_242' title='bbox 198 3108 232 3156; x_wconf 81' lang='lat'>25</span> <span class='ocrx_word' id='word_1_243' title='bbox 251 3120 272 3162; x_wconf 92' lang='lat' dir='ltr'>a</span> <span class='ocrx_word' id='word_1_244' title='bbox 294 3118 389 3163; x_wconf 84' lang='lat' dir='ltr'>causa</span> <span class='ocrx_word' id='word_1_245' title='bbox 411 3101 440 3161; x_wconf 95' lang='lat' dir='ltr'>et</span> <span class='ocrx_word' id='word_1_246' title='bbox 460 3098 593 3162; x_wconf 88' lang='lat' dir='ltr'>utilitate</span> <span class='ocrx_word' id='word_1_247' title='bbox 617 3096 721 3179; x_wconf 73' lang='lat' dir='ltr'>‘quam</span> <span class='ocrx_word' id='word_1_248' title='bbox 745 3102 778 3161; x_wconf 91' lang='lat' dir='ltr'>tu</span> <span class='ocrx_word' id='word_1_249' title='bbox 799 3096 904 3160; x_wconf 82' lang='lat' dir='ltr'>urbem</span> <span class='ocrx_word' id='word_1_250' title='bbox 926 3117 1014 3161; x_wconf 85' lang='lat' dir='ltr'>saror</span> <span class='ocrx_word' id='word_1_251' title='bbox 1035 3096 1116 3161; x_wconf 85' lang='lat' dir='ltr'>lrauc</span> <span class='ocrx_word' id='word_1_252' title='bbox 1133 3097 1273 3163; x_wconf 78' lang='lat' dir='ltr'>cernes&#39;?</span> <span class='ocrx_word' id='word_1_253' title='bbox 1301 3120 1322 3162; x_wconf 93' lang='lat' dir='ltr'>a</span> <span class='ocrx_word' id='word_1_254' title='bbox 1349 3101 1437 3165; x_wconf 91' lang='lat' dir='ltr'>modo</span> <span class='ocrx_word' id='word_1_255' title='bbox 1461 3099 1526 3164; x_wconf 73' lang='lat' dir='ltr'>‘iu-</span> 
     </span>
     <span class='ocr_line' id='line_1_27' title="bbox 244 3203 1527 3290; baseline -0.001 -19"><span class='ocrx_word' id='word_1_256' title='bbox 244 3206 340 3288; x_wconf 69' lang='lat' dir='ltr'>&#39;dulpe</span> <span class='ocrx_word' id='word_1_257' title='bbox 362 3205 491 3286; x_wconf 77' lang='lat' dir='ltr'>hospitio</span> <span class='ocrx_word' id='word_1_258' title='bbox 514 3225 679 3286; x_wconf 84' lang='lat' dir='ltr'>causasque</span> <span class='ocrx_word' id='word_1_259' title='bbox 701 3205 817 3269; x_wconf 88' lang='lat' dir='ltr'>innecte</span> <span class='ocrx_word' id='word_1_260' title='bbox 838 3203 1015 3269; x_wconf 90' lang='lat' dir='ltr'>morandi&#39;:</span> <span class='ocrx_word' id='word_1_261' title='bbox 1047 3226 1089 3269; x_wconf 91' lang='lat' dir='ltr'>an</span> <span class='ocrx_word' id='word_1_262' title='bbox 1112 3207 1204 3270; x_wconf 89' lang='lat' dir='ltr'>etiam</span> <span class='ocrx_word' id='word_1_263' title='bbox 1226 3207 1262 3270; x_wconf 93' lang='lat' dir='ltr'>id</span> <span class='ocrx_word' id='word_1_264' title='bbox 1277 3207 1324 3270; x_wconf 90' lang='lat' dir='ltr'>dii</span> <span class='ocrx_word' id='word_1_265' title='bbox 1340 3208 1410 3288; x_wconf 74' lang='lat' dir='ltr'>fieri</span> <span class='ocrx_word' id='word_1_266' title='bbox 1427 3208 1527 3290; x_wconf 88' lang='lat' dir='ltr'>uelint,</span> 
     </span>
     <span class='ocr_line' id='line_1_28' title="bbox 244 3310 1452 3396; baseline 0.001 -20"><span class='ocrx_word' id='word_1_267' title='bbox 244 3334 303 3396; x_wconf 87' lang='lat' dir='ltr'>per</span> <span class='ocrx_word' id='word_1_268' title='bbox 325 3313 529 3376; x_wconf 76' lang='lat' dir='ltr'>coenaturum</span> <span class='ocrx_word' id='word_1_269' title='bbox 553 3310 630 3376; x_wconf 77' lang='lat' dir='ltr'>‘diis</span> <span class='ocrx_word' id='word_1_270' title='bbox 654 3312 791 3393; x_wconf 72' lang='lat' dir='ltr'>equicum</span> <span class='ocrx_word' id='word_1_271' title='bbox 813 3311 989 3393; x_wconf 80' lang='lat' dir='ltr'>auspicibus</span> <span class='ocrx_word' id='word_1_272' title='bbox 1011 3332 1079 3376; x_wconf 89' lang='lat' dir='ltr'>reor</span> <span class='ocrx_word' id='word_1_273' title='bbox 1101 3317 1130 3376; x_wconf 91' lang='lat' dir='ltr'>et</span> <span class='ocrx_word' id='word_1_274' title='bbox 1151 3312 1273 3376; x_wconf 90' lang='lat' dir='ltr'>Iunone</span> <span class='ocrx_word' id='word_1_275' title='bbox 1295 3311 1452 3378; x_wconf 89' lang='lat' dir='ltr'>secunda&#39;.</span> 
     </span>
    </p>
   </div>
   <div class='ocr_carea' id='block_1_4' title="bbox 322 3540 1090 3612">
    <p class='ocr_par' dir='ltr' id='par_1_11' title="bbox 322 3540 1090 3612">
     <span class='ocr_line' id='line_1_29' title="bbox 322 3540 1090 3612; baseline -0.004 -15"><span class='ocrx_word' id='word_1_276' title='bbox 322 3549 338 3597; x_wconf 88' lang='grc'><strong>6</strong></span> <span class='ocrx_word' id='word_1_277' title='bbox 357 3541 433 3596; x_wconf 88' lang='lat' dir='ltr'>sinus</span> <span class='ocrx_word' id='word_1_278' title='bbox 453 3585 458 3596; x_wconf 95' lang='lat'>.</span> <span class='ocrx_word' id='word_1_279' title='bbox 479 3584 485 3596; x_wconf 87' lang='lat'><strong>.</strong></span> <span class='ocrx_word' id='word_1_280' title='bbox 506 3583 512 3594; x_wconf 92' lang='lat'>.</span> <span class='ocrx_word' id='word_1_281' title='bbox 531 3542 688 3612; x_wconf 89' lang='lat' dir='ltr'>moventur]</span> <span class='ocrx_word' id='word_1_282' title='bbox 709 3558 793 3596; x_wconf 85' lang='lat' dir='ltr'>exscr.</span> <span class='ocrx_word' id='word_1_283' title='bbox 813 3540 875 3595; x_wconf 89' lang='lat' dir='ltr'>Isid.</span> <span class='ocrx_word' id='word_1_284' title='bbox 897 3557 935 3596; x_wconf 89' lang='lat' dir='ltr'>or.</span> <span class='ocrx_word' id='word_1_285' title='bbox 956 3540 994 3594; x_wconf 90' lang='lat' dir='ltr'>XI</span> <span class='ocrx_word' id='word_1_286' title='bbox 1015 3546 1037 3607; x_wconf 92' lang='lat'>1,</span> <span class='ocrx_word' id='word_1_287' title='bbox 1057 3547 1090 3594; x_wconf 86' lang='grc'>39</span> 
     </span>
    </p>
   </div>
   <div class='ocr_carea' id='block_1_5' title="bbox 249 3754 1531 4897">
    <p class='ocr_par' dir='ltr' id='par_1_12' title="bbox 249 3754 1531 4897">
     <span class='ocr_line' id='line_1_30' title="bbox 324 3754 1526 3827; baseline 0.002 -18"><span class='ocrx_word' id='word_1_288' title='bbox 324 3763 336 3809; x_wconf 91' lang='grc'><strong>1</strong></span> <span class='ocrx_word' id='word_1_289' title='bbox 356 3755 468 3810; x_wconf 87' lang='lat' dir='ltr'>flamine</span> <span class='ocrx_word' id='word_1_290' title='bbox 487 3755 518 3808; x_wconf 99' lang='lat' dir='ltr'><em>F</em></span> <span class='ocrx_word' id='word_1_291' title='bbox 537 3756 548 3823; x_wconf 85' lang='grc' dir='ltr'>ΙΙ</span> <span class='ocrx_word' id='word_1_292' title='bbox 570 3762 586 3808; x_wconf 92' lang='grc'>3</span> <span class='ocrx_word' id='word_1_293' title='bbox 605 3755 680 3823; x_wconf 91' lang='lat' dir='ltr'>quod</span> <span class='ocrx_word' id='word_1_294' title='bbox 698 3754 844 3823; x_wconf 84' lang='lat' dir='ltr'>expeditur</span> <span class='ocrx_word' id='word_1_295' title='bbox 864 3797 869 3807; x_wconf 96' lang='lat'>.</span> <span class='ocrx_word' id='word_1_296' title='bbox 890 3797 895 3808; x_wconf 94' lang='lat'><em>.</em></span> <span class='ocrx_word' id='word_1_297' title='bbox 917 3799 922 3810; x_wconf 91' lang='lat'>.</span> <span class='ocrx_word' id='word_1_298' title='bbox 942 3754 1032 3826; x_wconf 85' lang='lat' dir='ltr'>duxit]</span> <span class='ocrx_word' id='word_1_299' title='bbox 1057 3754 1132 3823; x_wconf 88' lang='lat' dir='ltr'>quod</span> <span class='ocrx_word' id='word_1_300' title='bbox 1151 3756 1274 3811; x_wconf 85' lang='lat' dir='ltr'>ostendit</span> <span class='ocrx_word' id='word_1_301' title='bbox 1291 3756 1420 3827; x_wconf 84' lang='lat' dir='ltr'>uirgilius</span> <span class='ocrx_word' id='word_1_302' title='bbox 1438 3756 1467 3811; x_wconf 87' lang='lat' dir='ltr'>in</span> <span class='ocrx_word' id='word_1_303' title='bbox 1486 3774 1526 3812; x_wconf 86' lang='lat' dir='ltr'>se-</span> 
     </span>
     <span class='ocr_line' id='line_1_31' title="bbox 250 3825 1526 3899; baseline 0.001 -17"><span class='ocrx_word' id='word_1_304' title='bbox 250 3826 399 3899; x_wconf 80' lang='lat' dir='ltr'>quentibus</span> <span class='ocrx_word' id='word_1_305' title='bbox 417 3827 465 3894; x_wconf 90' lang='lat' dir='ltr'>qui</span> <span class='ocrx_word' id='word_1_306' title='bbox 483 3844 539 3881; x_wconf 91' lang='lat' dir='ltr'>non</span> <span class='ocrx_word' id='word_1_307' title='bbox 558 3829 622 3880; x_wconf 85' lang='lat' dir='ltr'>ente</span> <span class='ocrx_word' id='word_1_308' title='bbox 641 3828 761 3880; x_wconf 85' lang='lat' dir='ltr'>mortem</span> <span class='ocrx_word' id='word_1_309' title='bbox 785 3825 834 3880; x_wconf 90' lang='lat' dir='ltr'>sed</span> <span class='ocrx_word' id='word_1_310' title='bbox 856 3828 920 3895; x_wconf 86' lang='lat' dir='ltr'>post</span> <span class='ocrx_word' id='word_1_311' title='bbox 942 3829 1061 3881; x_wconf 90' lang='lat' dir='ltr'>mortem</span> <span class='ocrx_word' id='word_1_312' title='bbox 1080 3826 1191 3881; x_wconf 89' lang='lat' dir='ltr'>didonis</span> <span class='ocrx_word' id='word_1_313' title='bbox 1209 3828 1344 3882; x_wconf 89' lang='lat' dir='ltr'>lauiniam</span> <span class='ocrx_word' id='word_1_314' title='bbox 1363 3829 1442 3883; x_wconf 83' lang='lat' dir='ltr'>duxit</span> <span class='ocrx_word' id='word_1_315' title='bbox 1460 3847 1526 3883; x_wconf 84' lang='lat' dir='ltr'>uxo-</span> 
     </span>
     <span class='ocr_line' id='line_1_32' title="bbox 251 3897 1526 3969; baseline 0.001 -16"><span class='ocrx_word' id='word_1_316' title='bbox 251 3917 310 3953; x_wconf 89' lang='lat' dir='ltr'>rem</span> <span class='ocrx_word' id='word_1_317' title='bbox 326 3899 351 3951; x_wconf 88' lang='grc' dir='ltr'><em>Τ</em></span> <span class='ocrx_word' id='word_1_318' title='bbox 363 3899 403 3967; x_wconf 72' lang='lat' dir='ltr'>lt</span> <span class='ocrx_word' id='word_1_319' title='bbox 422 3898 479 3967; x_wconf 87' lang='lat' dir='ltr'>vel]</span> <span class='ocrx_word' id='word_1_320' title='bbox 500 3904 537 3949; x_wconf 77' lang='lat' dir='ltr'>un</span> <span class='ocrx_word' id='word_1_321' title='bbox 556 3899 679 3951; x_wconf 85' lang='lat' dir='ltr'>Ambros.</span> <span class='ocrx_word' id='word_1_322' title='bbox 694 3900 704 3966; x_wconf 78' lang='lat' dir='ltr'>lt</span> <span class='ocrx_word' id='word_1_323' title='bbox 717 3897 907 3966; x_wconf 87' lang='lat' dir='ltr'>praedictione</span> <span class='ocrx_word' id='word_1_324' title='bbox 926 3899 1060 3965; x_wconf 77' lang='lat' dir='ltr'>Ambrae,</span> <span class='ocrx_word' id='word_1_325' title='bbox 1078 3899 1195 3964; x_wconf 77' lang='lat' dir='ltr'>fumasse</span> <span class='ocrx_word' id='word_1_326' title='bbox 1211 3905 1287 3954; x_wconf 87' lang='lat' dir='ltr'>recte.</span> <span class='ocrx_word' id='word_1_327' title='bbox 1309 3901 1430 3969; x_wconf 74' lang='lat' dir='ltr'>‘leperem</span> <span class='ocrx_word' id='word_1_328' title='bbox 1447 3916 1526 3969; x_wconf 88' lang='lat' dir='ltr'>prae-</span> 
     </span>
     <span class='ocr_line' id='line_1_33' title="bbox 250 3968 1527 4037; baseline 0 -13"><span class='ocrx_word' id='word_1_329' title='bbox 250 3969 373 4024; x_wconf 87' lang='lat' dir='ltr'>dictione</span> <span class='ocrx_word' id='word_1_330' title='bbox 392 3968 470 4037; x_wconf 81' lang='lat' dir='ltr'>regia</span> <span class='ocrx_word' id='word_1_331' title='bbox 488 3985 557 4022; x_wconf 87' lang='lat' dir='ltr'>uxor</span> <span class='ocrx_word' id='word_1_332' title='bbox 574 3970 658 4037; x_wconf 85' lang='lat' dir='ltr'>parta</span> <span class='ocrx_word' id='word_1_333' title='bbox 678 3968 775 4036; x_wconf 86' lang='lat' dir='ltr'>fuerit,</span> <span class='ocrx_word' id='word_1_334' title='bbox 799 3985 854 4037; x_wconf 91' lang='lat' dir='ltr'>quo</span> <span class='ocrx_word' id='word_1_335' title='bbox 878 3987 903 4025; x_wconf 91' lang='lat' dir='ltr'>n.</span> <span class='ocrx_word' id='word_1_336' title='bbox 927 3970 1037 4037; x_wconf 79' lang='lat' dir='ltr'>respicit</span> <span class='ocrx_word' id='word_1_337' title='bbox 1056 3971 1128 4024; x_wconf 88' lang='lat' dir='ltr'>enim</span> <span class='ocrx_word' id='word_1_338' title='bbox 1146 3971 1183 4025; x_wconf 88' lang='lat' dir='ltr'>ud</span> <span class='ocrx_word' id='word_1_339' title='bbox 1200 3973 1282 4026; x_wconf 85' lang='lat' dir='ltr'>rerba</span> <span class='ocrx_word' id='word_1_340' title='bbox 1302 3970 1418 4026; x_wconf 76' lang='lat' dir='ltr'>Creusae</span> <span class='ocrx_word' id='word_1_341' title='bbox 1437 3973 1482 4026; x_wconf 86' lang='lat' dir='ltr'>lib.</span> <span class='ocrx_word' id='word_1_342' title='bbox 1501 3972 1527 4024; x_wconf 89' lang='grc' dir='ltr'>ΙΙ</span> 
     </span>
     <span class='ocr_line' id='line_1_34' title="bbox 252 4041 1527 4111; baseline -0.002 -14"><span class='ocrx_word' id='word_1_343' title='bbox 252 4047 316 4097; x_wconf 80' lang='lat'><strong>783:</strong></span> <span class='ocrx_word' id='word_1_344' title='bbox 342 4041 399 4094; x_wconf 84' lang='lat' dir='ltr'>nisi</span> <span class='ocrx_word' id='word_1_345' title='bbox 416 4056 486 4093; x_wconf 84' lang='lat' dir='ltr'>uxor</span> <span class='ocrx_word' id='word_1_346' title='bbox 504 4041 734 4109; x_wconf 77' lang='lat' dir='ltr'>subintellipatur.</span> <span class='ocrx_word' id='word_1_347' title='bbox 770 4042 871 4108; x_wconf 87' lang='lat' dir='ltr'>parata</span> <span class='ocrx_word' id='word_1_348' title='bbox 889 4041 969 4094; x_wconf 88' lang='lat' dir='ltr'>etiam</span> <span class='ocrx_word' id='word_1_349' title='bbox 987 4041 1013 4094; x_wconf 86' lang='lat' dir='ltr'>si</span> <span class='ocrx_word' id='word_1_350' title='bbox 1030 4043 1091 4110; x_wconf 77' lang='lat' dir='ltr'>quis</span> <span class='ocrx_word' id='word_1_351' title='bbox 1109 4043 1173 4095; x_wconf 87' lang='lat' dir='ltr'>uelit</span> <span class='ocrx_word' id='word_1_352' title='bbox 1190 4059 1309 4110; x_wconf 79' lang='lat' dir='ltr'>sarcre,</span> <span class='ocrx_word' id='word_1_353' title='bbox 1324 4060 1377 4111; x_wconf 89' lang='lat' dir='ltr'>per</span> <span class='ocrx_word' id='word_1_354' title='bbox 1394 4060 1435 4097; x_wconf 90' lang='lat' dir='ltr'>me</span> <span class='ocrx_word' id='word_1_355' title='bbox 1453 4045 1527 4098; x_wconf 86' lang='lat' dir='ltr'>licet:</span> 
     </span>
     <span class='ocr_line' id='line_1_35' title="bbox 249 4112 1525 4183; baseline 0.001 -16"><span class='ocrx_word' id='word_1_356' title='bbox 249 4131 315 4167; x_wconf 90' lang='lat' dir='ltr'>nam</span> <span class='ocrx_word' id='word_1_357' title='bbox 333 4113 373 4166; x_wconf 86' lang='lat' dir='ltr'>ibi</span> <span class='ocrx_word' id='word_1_358' title='bbox 391 4113 473 4180; x_wconf 86' lang='lat' dir='ltr'>parta</span> <span class='ocrx_word' id='word_1_359' title='bbox 491 4112 572 4165; x_wconf 88' lang='lat' dir='ltr'>etiam</span> <span class='ocrx_word' id='word_1_360' title='bbox 590 4113 690 4180; x_wconf 85' lang='lat' dir='ltr'>parata</span> <span class='ocrx_word' id='word_1_361' title='bbox 708 4113 868 4180; x_wconf 74' lang='lat' dir='ltr'>adponitur,</span> <span class='ocrx_word' id='word_1_362' title='bbox 893 4117 917 4165; x_wconf 88' lang='lat' dir='ltr'>et</span> <span class='ocrx_word' id='word_1_363' title='bbox 940 4113 981 4166; x_wconf 91' lang='lat' dir='ltr'>ita</span> <span class='ocrx_word' id='word_1_364' title='bbox 999 4129 1062 4166; x_wconf 86' lang='lat' dir='ltr'>moa</span> <span class='ocrx_word' id='word_1_365' title='bbox 1079 4131 1103 4167; x_wconf 87' lang='lat' dir='ltr'>a.</span> <span class='ocrx_word' id='word_1_366' title='bbox 1125 4119 1157 4168; x_wconf 76' lang='lat'>75</span> <span class='ocrx_word' id='word_1_367' title='bbox 1177 4115 1274 4168; x_wconf 90' lang='lat' dir='ltr'>urbem</span> <span class='ocrx_word' id='word_1_368' title='bbox 1293 4116 1422 4183; x_wconf 86' lang='lat' dir='ltr'>paratam</span> <span class='ocrx_word' id='word_1_369' title='bbox 1441 4114 1525 4169; x_wconf 84' lang='lat' dir='ltr'>dinit&#39;</span> 
     </span>
     <span class='ocr_line' id='line_1_36' title="bbox 249 4182 1528 4254; baseline 0.002 -16"><span class='ocrx_word' id='word_1_370' title='bbox 249 4186 439 4239; x_wconf 81' lang='lat' dir='ltr'>Burmannus.</span> <span class='ocrx_word' id='word_1_371' title='bbox 459 4182 558 4252; x_wconf 87' lang='lat' dir='ltr'>regina</span> <span class='ocrx_word' id='word_1_372' title='bbox 568 4182 604 4237; x_wconf 89' lang='lat' dir='ltr'>F.</span> <span class='ocrx_word' id='word_1_373' title='bbox 613 4182 761 4237; x_wconf 81' lang='lat' dir='ltr'>Schoellius</span> <span class='ocrx_word' id='word_1_374' title='bbox 774 4184 784 4252; x_wconf 84' lang='grc' dir='ltr'>ΙΙ</span> <span class='ocrx_word' id='word_1_375' title='bbox 798 4190 878 4251; x_wconf 73' lang='lat' dir='ltr'>aquo</span> <span class='ocrx_word' id='word_1_376' title='bbox 888 4183 1083 4239; x_wconf 82' lang='lat' dir='ltr'>Burmannus:</span> <span class='ocrx_word' id='word_1_377' title='bbox 1092 4185 1168 4253; x_wconf 89' lang='lat' dir='ltr'>quod</span> <span class='ocrx_word' id='word_1_378' title='bbox 1178 4186 1239 4241; x_wconf 89' lang='lat' dir='ltr'>Fet</span> <span class='ocrx_word' id='word_1_379' title='bbox 1248 4187 1342 4240; x_wconf 87' lang='lat' dir='ltr'>Ambr.</span> <span class='ocrx_word' id='word_1_380' title='bbox 1357 4187 1367 4254; x_wconf 94' lang='grc' dir='ltr'>ΙΙ</span> <span class='ocrx_word' id='word_1_381' title='bbox 1381 4186 1528 4241; x_wconf 87' lang='lat' dir='ltr'>denuntiat</span> 
     </span>
     <span class='ocr_line' id='line_1_37' title="bbox 251 4254 1527 4328; baseline 0.002 -19"><span class='ocrx_word' id='word_1_382' title='bbox 251 4258 345 4311; x_wconf 83' lang='lat' dir='ltr'>Ancbr.</span> <span class='ocrx_word' id='word_1_383' title='bbox 360 4258 369 4325; x_wconf 84' lang='grc' dir='ltr'>ΙΙ</span> <span class='ocrx_word' id='word_1_384' title='bbox 384 4262 399 4309; x_wconf 89' lang='grc'><strong>6</strong></span> <span class='ocrx_word' id='word_1_385' title='bbox 415 4255 505 4323; x_wconf 82' lang='lat' dir='ltr'>sruvu]</span> <span class='ocrx_word' id='word_1_386' title='bbox 523 4274 601 4308; x_wconf 74' lang='lat' dir='ltr'>siuve</span> <span class='ocrx_word' id='word_1_387' title='bbox 617 4254 647 4307; x_wconf 91' lang='lat' dir='ltr'><em>F</em></span> <span class='ocrx_word' id='word_1_388' title='bbox 658 4256 667 4323; x_wconf 88' lang='grc' dir='ltr'>ΙΙ</span> <span class='ocrx_word' id='word_1_389' title='bbox 682 4262 696 4309; x_wconf 81' lang='lat' dir='ltr'>&#39;l</span> <span class='ocrx_word' id='word_1_390' title='bbox 712 4254 881 4324; x_wconf 88' lang='lat' dir='ltr'>palphebras</span> <span class='ocrx_word' id='word_1_391' title='bbox 894 4255 929 4308; x_wconf 92' lang='lat' dir='ltr'><strong><em>N</em></strong></span> <span class='ocrx_word' id='word_1_392' title='bbox 943 4256 1102 4324; x_wconf 86' lang='lat' dir='ltr'>paphebras</span> <span class='ocrx_word' id='word_1_393' title='bbox 1116 4258 1150 4310; x_wconf 88' lang='grc' dir='ltr'><em>Η</em></span> <span class='ocrx_word' id='word_1_394' title='bbox 1159 4259 1169 4328; x_wconf 87' lang='grc' dir='ltr'>ΙΙ</span> <span class='ocrx_word' id='word_1_395' title='bbox 1183 4256 1338 4326; x_wconf 81' lang='lat' dir='ltr'>pulsatione</span> <span class='ocrx_word' id='word_1_396' title='bbox 1352 4257 1386 4310; x_wconf 87' lang='lat' dir='ltr'><em>H</em></span> <span class='ocrx_word' id='word_1_397' title='bbox 1395 4259 1405 4326; x_wconf 84' lang='grc' dir='ltr'>ΙΙ</span> <span class='ocrx_word' id='word_1_398' title='bbox 1421 4263 1452 4311; x_wconf 88' lang='grc'>13</span> <span class='ocrx_word' id='word_1_399' title='bbox 1468 4275 1527 4311; x_wconf 88' lang='lat' dir='ltr'>sua-</span> 
     </span>
     <span class='ocr_line' id='line_1_38' title="bbox 250 4325 1527 4397; baseline 0.002 -17"><span class='ocrx_word' id='word_1_400' title='bbox 250 4326 325 4381; x_wconf 89' lang='lat' dir='ltr'>soria</span> <span class='ocrx_word' id='word_1_401' title='bbox 343 4327 399 4397; x_wconf 86' lang='lat' dir='ltr'>est]</span> <span class='ocrx_word' id='word_1_402' title='bbox 419 4328 462 4380; x_wconf 87' lang='lat' dir='ltr'>est</span> <span class='ocrx_word' id='word_1_403' title='bbox 478 4325 620 4380; x_wconf 86' lang='lat' dir='ltr'>rhetorica</span> <span class='ocrx_word' id='word_1_404' title='bbox 638 4327 730 4380; x_wconf 87' lang='lat' dir='ltr'>suasio</span> <span class='ocrx_word' id='word_1_405' title='bbox 749 4326 779 4379; x_wconf 93' lang='lat' dir='ltr'><em>F</em></span> <span class='ocrx_word' id='word_1_406' title='bbox 801 4326 926 4381; x_wconf 88' lang='lat' dir='ltr'>suasoria</span> <span class='ocrx_word' id='word_1_407' title='bbox 944 4326 1034 4381; x_wconf 85' lang='lat' dir='ltr'>oratio</span> <span class='ocrx_word' id='word_1_408' title='bbox 1053 4331 1094 4382; x_wconf 90' lang='lat' dir='ltr'>est</span> <span class='ocrx_word' id='word_1_409' title='bbox 1114 4331 1145 4397; x_wconf 77' lang='grc'>111</span> <span class='ocrx_word' id='word_1_410' title='bbox 1161 4335 1193 4382; x_wconf 90' lang='grc'>14</span> <span class='ocrx_word' id='word_1_411' title='bbox 1212 4328 1323 4383; x_wconf 88' lang='lat' dir='ltr'>abiecta</span> <span class='ocrx_word' id='word_1_412' title='bbox 1341 4328 1372 4380; x_wconf 89' lang='lat' dir='ltr'><em>F</em></span> <span class='ocrx_word' id='word_1_413' title='bbox 1383 4330 1392 4395; x_wconf 85' lang='grc' dir='ltr'>ΙΙ</span> <span class='ocrx_word' id='word_1_414' title='bbox 1408 4334 1439 4382; x_wconf 81' lang='lat'>15</span> <span class='ocrx_word' id='word_1_415' title='bbox 1459 4331 1527 4397; x_wconf 90' lang='lat' dir='ltr'>apto</span> 
     </span>
     <span class='ocr_line' id='line_1_39' title="bbox 250 4397 1528 4468; baseline 0.002 -17"><span class='ocrx_word' id='word_1_416' title='bbox 250 4397 388 4467; x_wconf 85' lang='lat' dir='ltr'>principio</span> <span class='ocrx_word' id='word_1_417' title='bbox 407 4416 472 4451; x_wconf 89' lang='lat' dir='ltr'>usus</span> <span class='ocrx_word' id='word_1_418' title='bbox 492 4400 535 4452; x_wconf 89' lang='lat' dir='ltr'>est</span> <span class='ocrx_word' id='word_1_419' title='bbox 552 4415 618 4451; x_wconf 90' lang='lat' dir='ltr'>nam</span> <span class='ocrx_word' id='word_1_420' title='bbox 637 4441 642 4451; x_wconf 91' lang='lat'><em>.</em></span> <span class='ocrx_word' id='word_1_421' title='bbox 659 4439 664 4451; x_wconf 90' lang='lat'>.</span> <span class='ocrx_word' id='word_1_422' title='bbox 682 4441 687 4452; x_wconf 95' lang='lat'>.</span> <span class='ocrx_word' id='word_1_423' title='bbox 708 4397 761 4451; x_wconf 88' lang='lat' dir='ltr'>diis</span> <span class='ocrx_word' id='word_1_424' title='bbox 780 4397 908 4465; x_wconf 88' lang='lat' dir='ltr'>equidem</span> <span class='ocrx_word' id='word_1_425' title='bbox 927 4399 1093 4468; x_wconf 87' lang='lat' dir='ltr'>auspicibus.</span> <span class='ocrx_word' id='word_1_426' title='bbox 1131 4401 1160 4454; x_wconf 90' lang='lat' dir='ltr'>et</span> <span class='ocrx_word' id='word_1_427' title='bbox 1182 4400 1252 4454; x_wconf 89' lang='lat' dir='ltr'>bene</span> <span class='ocrx_word' id='word_1_428' title='bbox 1272 4417 1345 4453; x_wconf 87' lang='lat' dir='ltr'>anna</span> <span class='ocrx_word' id='word_1_429' title='bbox 1364 4399 1468 4453; x_wconf 88' lang='lat' dir='ltr'>dilecta</span> <span class='ocrx_word' id='word_1_430' title='bbox 1486 4417 1528 4453; x_wconf 94' lang='lat' dir='ltr'>re-</span> 
     </span>
     <span class='ocr_line' id='line_1_40' title="bbox 251 4468 1527 4540; baseline 0.001 -18"><span class='ocrx_word' id='word_1_431' title='bbox 251 4469 370 4538; x_wconf 86' lang='lat' dir='ltr'>spondet</span> <span class='ocrx_word' id='word_1_432' title='bbox 388 4468 476 4523; x_wconf 90' lang='lat' dir='ltr'>sorori</span> <span class='ocrx_word' id='word_1_433' title='bbox 493 4468 559 4537; x_wconf 89' lang='lat' dir='ltr'>quia</span> <span class='ocrx_word' id='word_1_434' title='bbox 577 4470 606 4522; x_wconf 90' lang='lat' dir='ltr'>et</span> <span class='ocrx_word' id='word_1_435' title='bbox 624 4468 676 4522; x_wconf 90' lang='lat' dir='ltr'>illa</span> <span class='ocrx_word' id='word_1_436' title='bbox 694 4470 733 4523; x_wconf 87' lang='lat' dir='ltr'>sic</span> <span class='ocrx_word' id='word_1_437' title='bbox 752 4468 847 4536; x_wconf 89' lang='lat' dir='ltr'>coepit</span> <span class='ocrx_word' id='word_1_438' title='bbox 864 4486 937 4523; x_wconf 88' lang='lat' dir='ltr'>anna</span> <span class='ocrx_word' id='word_1_439' title='bbox 955 4487 1038 4525; x_wconf 89' lang='lat' dir='ltr'>soror.</span> <span class='ocrx_word' id='word_1_440' title='bbox 1077 4488 1142 4540; x_wconf 86' lang='lat' dir='ltr'>ergo</span> <span class='ocrx_word' id='word_1_441' title='bbox 1161 4487 1313 4539; x_wconf 88' lang='lat' dir='ltr'>pronomen</span> <span class='ocrx_word' id='word_1_442' title='bbox 1331 4472 1391 4536; x_wconf 88' lang='lat' dir='ltr'>(sic)</span> <span class='ocrx_word' id='word_1_443' title='bbox 1410 4471 1527 4524; x_wconf 86' lang='lat' dir='ltr'>necessi-</span> 
     </span>
     <span class='ocr_line' id='line_1_41' title="bbox 250 4538 1528 4611; baseline 0.001 -17"><span class='ocrx_word' id='word_1_444' title='bbox 250 4539 356 4595; x_wconf 89' lang='lat' dir='ltr'>tudinis</span> <span class='ocrx_word' id='word_1_445' title='bbox 375 4540 498 4594; x_wconf 86' lang='lat' dir='ltr'>ostendit</span> <span class='ocrx_word' id='word_1_446' title='bbox 516 4558 545 4595; x_wconf 86' lang='lat' dir='ltr'>se</span> <span class='ocrx_word' id='word_1_447' title='bbox 564 4538 666 4593; x_wconf 82' lang='lat' dir='ltr'>sentire</span> <span class='ocrx_word' id='word_1_448' title='bbox 685 4557 755 4608; x_wconf 90' lang='lat' dir='ltr'>quae</span> <span class='ocrx_word' id='word_1_449' title='bbox 774 4540 858 4593; x_wconf 87' lang='lat' dir='ltr'>utilia</span> <span class='ocrx_word' id='word_1_450' title='bbox 876 4544 939 4594; x_wconf 87' lang='lat' dir='ltr'>sunt</span> <span class='ocrx_word' id='word_1_451' title='bbox 955 4543 987 4596; x_wconf 89' lang='lat' dir='ltr'>in</span> <span class='ocrx_word' id='word_1_452' title='bbox 1005 4559 1091 4611; x_wconf 78' lang='lat' dir='ltr'>marp.</span> <span class='ocrx_word' id='word_1_453' title='bbox 1113 4543 1160 4610; x_wconf 76' lang='grc' dir='ltr'>ΤΙΙ</span> <span class='ocrx_word' id='word_1_454' title='bbox 1180 4549 1211 4595; x_wconf 80' lang='grc'><strong>15</strong></span> <span class='ocrx_word' id='word_1_455' title='bbox 1231 4541 1376 4596; x_wconf 87' lang='lat' dir='ltr'>beniuolos</span> <span class='ocrx_word' id='word_1_456' title='bbox 1395 4541 1528 4595; x_wconf 88' lang='lat' dir='ltr'>debemus</span> 
     </span>
     <span class='ocr_line' id='line_1_42' title="bbox 251 4611 1527 4680; baseline 0 -14"><span class='ocrx_word' id='word_1_457' title='bbox 251 4612 392 4666; x_wconf 87' lang='lat' dir='ltr'>auditores</span> <span class='ocrx_word' id='word_1_458' title='bbox 410 4611 502 4666; x_wconf 86' lang='lat' dir='ltr'>facere</span> <span class='ocrx_word' id='word_1_459' title='bbox 523 4611 548 4663; x_wconf 86' lang='grc' dir='ltr'><em>Τ</em></span> <span class='ocrx_word' id='word_1_460' title='bbox 568 4613 578 4680; x_wconf 74' lang='grc' dir='ltr'>[Ι</span> <span class='ocrx_word' id='word_1_461' title='bbox 603 4616 635 4665; x_wconf 81' lang='grc'><strong>17</strong></span> <span class='ocrx_word' id='word_1_462' title='bbox 654 4613 686 4663; x_wconf 89' lang='lat' dir='ltr'>ut</span> <span class='ocrx_word' id='word_1_463' title='bbox 704 4612 822 4665; x_wconf 84' lang='lat' dir='ltr'>habetur</span> <span class='ocrx_word' id='word_1_464' title='bbox 842 4611 924 4666; x_wconf 88' lang='lat' dir='ltr'>dictis</span> <span class='ocrx_word' id='word_1_465' title='bbox 941 4612 1038 4668; x_wconf 85' lang='lat' dir='ltr'>fideles</span> <span class='ocrx_word' id='word_1_466' title='bbox 1056 4614 1093 4678; x_wconf 89' lang='lat' dir='ltr'>F,</span> <span class='ocrx_word' id='word_1_467' title='bbox 1112 4630 1181 4667; x_wconf 87' lang='lat' dir='ltr'>corr.</span> <span class='ocrx_word' id='word_1_468' title='bbox 1200 4614 1310 4668; x_wconf 89' lang='lat' dir='ltr'>Daniel.</span> <span class='ocrx_word' id='word_1_469' title='bbox 1341 4614 1373 4666; x_wconf 90' lang='lat' dir='ltr'>ut</span> <span class='ocrx_word' id='word_1_470' title='bbox 1390 4612 1460 4666; x_wconf 88' lang='lat' dir='ltr'>fides</span> <span class='ocrx_word' id='word_1_471' title='bbox 1480 4614 1527 4667; x_wconf 89' lang='lat' dir='ltr'>ad·</span> 
     </span>
     <span class='ocr_line' id='line_1_43' title="bbox 251 4681 1527 4757; baseline 0.002 -21"><span class='ocrx_word' id='word_1_472' title='bbox 251 4681 486 4738; x_wconf 81' lang='lat' dir='ltr'>hibeatur‘dictis</span> <span class='ocrx_word' id='word_1_473' title='bbox 508 4683 533 4735; x_wconf 87' lang='grc' dir='ltr'><em>Τ</em></span> <span class='ocrx_word' id='word_1_474' title='bbox 557 4684 567 4752; x_wconf 79' lang='grc' dir='ltr'>ΙΙ</span> <span class='ocrx_word' id='word_1_475' title='bbox 595 4688 627 4734; x_wconf 84' lang='grc'><strong>19</strong></span> <span class='ocrx_word' id='word_1_476' title='bbox 648 4682 753 4752; x_wconf 85' lang='lat' dir='ltr'>sorore]</span> <span class='ocrx_word' id='word_1_477' title='bbox 776 4683 864 4737; x_wconf 91' lang='lat' dir='ltr'>sorori</span> <span class='ocrx_word' id='word_1_478' title='bbox 887 4701 952 4738; x_wconf 88' lang='lat' dir='ltr'>suae</span> <span class='ocrx_word' id='word_1_479' title='bbox 973 4686 998 4737; x_wconf 80' lang='grc' dir='ltr'><strong><em>Τ</em></strong></span> <span class='ocrx_word' id='word_1_480' title='bbox 1022 4687 1032 4754; x_wconf 83' lang='grc' dir='ltr'>ΙΙ</span> <span class='ocrx_word' id='word_1_481' title='bbox 1059 4684 1151 4756; x_wconf 86' lang='lat' dir='ltr'>ponit]</span> <span class='ocrx_word' id='word_1_482' title='bbox 1174 4684 1258 4753; x_wconf 87' lang='lat' dir='ltr'>plena</span> <span class='ocrx_word' id='word_1_483' title='bbox 1276 4686 1336 4740; x_wconf 88' lang='lat' dir='ltr'>arte</span> <span class='ocrx_word' id='word_1_484' title='bbox 1355 4683 1482 4738; x_wconf 87' lang='lat' dir='ltr'>suasoria</span> <span class='ocrx_word' id='word_1_485' title='bbox 1502 4687 1527 4757; x_wconf 60' lang='lat' dir='ltr'>d·</span> 
     </span>
     <span class='ocr_line' id='line_1_44' title="bbox 252 4754 1528 4825; baseline 0.002 -17"><span class='ocrx_word' id='word_1_486' title='bbox 252 4759 295 4819; x_wconf 78' lang='lat' dir='ltr'>l=</span> <span class='ocrx_word' id='word_1_487' title='bbox 317 4755 358 4809; x_wconf 83' lang='lat' dir='ltr'>‘id</span> <span class='ocrx_word' id='word_1_488' title='bbox 376 4755 437 4823; x_wconf 85' lang='lat' dir='ltr'>est’)</span> <span class='ocrx_word' id='word_1_489' title='bbox 456 4755 519 4808; x_wconf 87' lang='lat' dir='ltr'>add.</span> <span class='ocrx_word' id='word_1_490' title='bbox 541 4754 566 4806; x_wconf 81' lang='lat' dir='ltr'><em>T</em></span> <span class='ocrx_word' id='word_1_491' title='bbox 587 4755 597 4822; x_wconf 84' lang='grc' dir='ltr'>ΙΙ</span> <span class='ocrx_word' id='word_1_492' title='bbox 624 4759 657 4807; x_wconf 78' lang='lat'>22</span> <span class='ocrx_word' id='word_1_493' title='bbox 682 4770 837 4822; x_wconf 88' lang='lat' dir='ltr'>apersona</span> <span class='ocrx_word' id='word_1_494' title='bbox 853 4771 957 4810; x_wconf 86' lang='lat' dir='ltr'>aeneae</span> <span class='ocrx_word' id='word_1_495' title='bbox 978 4757 1012 4812; x_wconf 79' lang='lat' dir='ltr'>T:</span> <span class='ocrx_word' id='word_1_496' title='bbox 1038 4772 1145 4810; x_wconf 88' lang='lat' dir='ltr'>aenean</span> <span class='ocrx_word' id='word_1_497' title='bbox 1163 4754 1194 4808; x_wconf 92' lang='lat' dir='ltr'><em>F</em></span> <span class='ocrx_word' id='word_1_498' title='bbox 1213 4757 1224 4824; x_wconf 83' lang='grc' dir='ltr'>ΙΙ</span> <span class='ocrx_word' id='word_1_499' title='bbox 1250 4762 1284 4809; x_wconf 81' lang='grc'>23</span> <span class='ocrx_word' id='word_1_500' title='bbox 1303 4755 1454 4811; x_wconf 79' lang='lat' dir='ltr'>concideris</span> <span class='ocrx_word' id='word_1_501' title='bbox 1473 4757 1503 4810; x_wconf 88' lang='lat' dir='ltr'><em>F</em></span> <span class='ocrx_word' id='word_1_502' title='bbox 1519 4758 1528 4825; x_wconf 71' lang='lat' dir='ltr'>ll</span> 
     </span>
     <span class='ocr_line' id='line_1_45' title="bbox 251 4825 1531 4897; baseline 0.002 -17"><span class='ocrx_word' id='word_1_503' title='bbox 251 4832 286 4880; x_wconf 74' lang='lat'>24</span> <span class='ocrx_word' id='word_1_504' title='bbox 304 4825 358 4880; x_wconf 90' lang='lat' dir='ltr'>tiro</span> <span class='ocrx_word' id='word_1_505' title='bbox 373 4827 423 4896; x_wconf 73' lang='lat' dir='ltr'>Fu</span> <span class='ocrx_word' id='word_1_506' title='bbox 438 4831 471 4879; x_wconf 75' lang='lat'>25</span> <span class='ocrx_word' id='word_1_507' title='bbox 492 4826 617 4896; x_wconf 88' lang='lat' dir='ltr'>amodo]</span> <span class='ocrx_word' id='word_1_508' title='bbox 637 4843 655 4879; x_wconf 89' lang='lat' dir='ltr'>a</span> <span class='ocrx_word' id='word_1_509' title='bbox 668 4825 750 4880; x_wconf 90' lang='lat' dir='ltr'>modo</span> <span class='ocrx_word' id='word_1_510' title='bbox 766 4825 824 4880; x_wconf 89' lang='lat' dir='ltr'>siue</span> <span class='ocrx_word' id='word_1_511' title='bbox 839 4842 856 4879; x_wconf 89' lang='lat' dir='ltr'>a</span> <span class='ocrx_word' id='word_1_512' title='bbox 869 4825 998 4895; x_wconf 90' lang='lat' dir='ltr'>possibili</span> <span class='ocrx_word' id='word_1_513' title='bbox 1014 4827 1039 4879; x_wconf 86' lang='grc' dir='ltr'><em>Τ</em></span> <span class='ocrx_word' id='word_1_514' title='bbox 1050 4830 1060 4896; x_wconf 80' lang='grc' dir='ltr'>ΙΙ</span> <span class='ocrx_word' id='word_1_515' title='bbox 1074 4833 1108 4882; x_wconf 79' lang='lat'>26</span> <span class='ocrx_word' id='word_1_516' title='bbox 1128 4843 1225 4881; x_wconf 86' lang='lat' dir='ltr'>causas</span> <span class='ocrx_word' id='word_1_517' title='bbox 1240 4826 1291 4897; x_wconf 77' lang='lat' dir='ltr'>Fu</span> <span class='ocrx_word' id='word_1_518' title='bbox 1304 4827 1389 4884; x_wconf 87' lang='lat' dir='ltr'>etiam</span> <span class='ocrx_word' id='word_1_519' title='bbox 1407 4826 1438 4882; x_wconf 91' lang='lat' dir='ltr'>in</span> <span class='ocrx_word' id='word_1_520' title='bbox 1455 4827 1486 4882; x_wconf 90' lang='lat' dir='ltr'>id</span> <span class='ocrx_word' id='word_1_521' title='bbox 1500 4829 1531 4882; x_wconf 87' lang='lat' dir='ltr'><em>F</em></span> 
     </span>
    </p>
   </div>
   <div class='ocr_carea' id='block_1_6' title="bbox 0 0 1706 5422">
    <p class='ocr_par' dir='ltr' id='par_1_13' title="bbox 0 0 1706 5422">
     <span class='ocr_line' id='line_1_46' title="bbox 0 0 1706 5422; baseline 0 0"><span class='ocrx_word' id='word_1_522' title='bbox 0 0 1706 5422; x_wconf 95' lang='lat' dir='ltr'> </span> 
     </span>
    </p>
   </div>
  </div>
 </body>
</html>
