3396 5422
247 373 273 427 X
776 370 995 427 PRAEFATIO.

250 536 330 620 126,
366 536 444 621 136,
477 536 556 620 188,
588 535 667 620 200,
697 534 779 621 200,
812 535 885 601 606.
930 534 980 599 111
1012 535 1091 621 020,
1123 535 1204 620 200,
1236 535 1318 621 351,
1344 513 1427 621 440,
1454 538 1528 604 000.

249 642 330 709 vui
353 643 405 710 95.

337 750 387 816 Ea
411 774 492 836 quae
515 751 551 816 in
573 750 775 836 plenioribus
799 750 893 816 libris
918 750 987 815 sine
1005 750 1132 816 ratione
1152 754 1208 817 aut
1226 751 1365 816 inmixta
1383 752 1527 837 vulgatis

248 859 381 924 scholiis
405 862 464 924 000
491 880 564 924 cum
593 858 640 923 eis
664 879 786 923 conexa
814 879 884 923 esse
912 857 1119 942 videbantur,
1145 860 1197 924 vel
1229 858 1347 924 0000000
1371 857 1527 925 Serviano

247 967 401 1031 lemmate
434 965 487 1029 vel
515 964 641 1048 aptiore
668 965 811 1048 praefixo
840 986 985 1030 seorsum
1016 965 1205 1031 collocanda
1230 962 1354 1049 putavi.
1400 988 1464 1050 qua
1492 989 1527 1032 re

248 1074 311 1138 etsi
337 1094 404 1138 non
431 1075 500 1136 tam
528 1071 735 1137 librariorum
766 1095 863 1157 quam
892 1073 961 1138 eius
989 1094 1112 1139 errores
1136 1074 1258 1139 sublati
1281 1076 1357 1138 sunt
1380 1074 1435 1158 qui
1458 1075 1526 1159 ple·

247 1180 373 1244 niorem
401 1180 669 1245 commentarium
698 1180 894 1265 composuit,
922 1183 1033 1245 tamen
1054 1202 1122 1245 non
1139 1202 1252 1247 vereor
1273 1203 1314 1245 ne
1337 1181 1424 1246 01000
1445 1182 1526 1247 fines

248 1286 381 1352 editoris
408 1287 533 1351 muneri
561 1281 757 1353 constitutos
785 1303 976 1372 progressus
1006 1309 1076 1352 esse
1099 1288 1222 1354 videar:
1252 1311 1332 1373 quos
1355 1311 1422 1354 non
1445 1294 1524 1373 puto

247 1396 315 1458 tam
339 1397 496 1480 angustos
520 1416 605 1476 esse,
627 1397 665 1458 ut
686 1393 722 1457 in
745 1415 841 1478 opere
866 1416 883 1458 6
906 1396 1083 1460 multorum
1103 1396 1311 1481 commentis,
1334 1418 1415 1481 quae
1435 1420 1526 1462 suam

248 1500 396 1585 quodque
419 1501 613 1588 dignitatem
636 1501 772 1586 habent,
796 1502 906 1567 infima
930 1506 1038 1568 aetate
1060 1506 1241 1589 composito
1260 1524 1327 1567 non
1345 1503 1443 1568 liceat
1462 1504 1526 1569 sin·

249 1609 344 1693 gulas
366 1611 477 1692 partes
501 1630 573 1672 cum
597 1608 683 1672 inter
706 1631 740 1672 00
764 1630 905 1673 conexae
929 1608 1082 1674 damnum
1106 1611 1254 1696 fecerint,
1278 1611 1370 1695 quasi
1391 1611 1426 1675 in
1445 1611 1525 1675 inte-

249 1736 343 1802 grum
366 1715 545 1781 restituere.
583 1715 706 1780 accedit
730 1714 815 1799 quod
837 1715 872 1778 in
896 1715 1077 1781 Turonensi
1100 1717 1208 1782 codice
1232 1740 1270 1782 ea
1294 1715 1432 1801 quaein
1454 1715 1525 1781 Flo-

248 1822 387 1887 riacensi
426 1822 567 1905 vulgatis
605 1822 758 1887 adiuncta
795 1825 871 1886 sunt
901 1824 1091 1908 plerumque
1123 1846 1269 1889 seorsum
1301 1823 1423 1907 scripta
1454 1845 1524 1888 esse

249 1927 407 1993 videmus:
431 1928 470 1991 de
490 1950 554 2013 qua
572 1951 607 1993 re
627 1930 711 1993 infra
730 1930 911 1994 accuratius
931 1930 1064 1995 dicetur.
1092 1931 1230 2016 denique
1248 1931 1383 2016 vulgata
1402 1930 1525 1996 scholia

248 2039 286 2100 ut
313 2033 495 2100 Danielinis
528 2037 758 2120 adaptarentur
789 2035 876 2101 haud
907 2038 1018 2119 paucis
1050 2038 1130 2102 locis
1163 2037 1337 2102 admodum
1369 2037 1532 2102 violenter

249 2145 484 2207 mutatasunt.
512 2141 841 2227 0001001145000,
864 2143 928 2208 248
954 2140 998 2228 (p.
1022 2143 1074 2228 93,
1098 2140 1144 2229 2),
1168 2143 1243 2225 250,
1263 2143 1325 2208 261
1349 2140 1393 2228 (p.
1408 2143 1460 2227 97,
1477 2144 1526 2208 12.

250 2249 287 2313 cf.
312 2248 419 2314 adnot.
442 2247 537 2335 crit),
560 2249 634 2333 330,
658 2249 723 2314 363
748 2246 801 2335 (cf.
825 2249 933 2315 adnot.
953 2248 1048 2336 crit),
1070 2251 1144 2333 420,
1163 2250 1238 2314 431.
1271 2250 1305 2312 00
1322 2249 1419 2314 100000
1439 2249 1527 2316 modi

249 2376 377 2440 quoque
400 2354 533 2419 scholiis
553 2354 790 2420 constituendis
809 2357 907 2421 malui
927 2356 1081 2440 plenioris
1101 2357 1323 2422 commentarii
1341 2359 1528 2422 contextum

250 2462 375 2528 solvere
409 2485 505 2547 quam
539 2467 653 2528 contra
686 2464 766 2527 artis
798 2464 887 2548 leges
911 2463 1095 2528 breviorum
1118 2463 1276 2528 librorum
1300 2463 1527 2528 auctoritatem

250 2592 410 2654 spernere.
450 2593 491 2636 ne
514 2593 553 2635 00
576 2570 704 2655 quidem
729 2593 810 2656 quae
834 2571 875 2635 ab
899 2570 973 2634 aliis
997 2570 1228 2654 interpretibus
1251 2570 1357 2653 petita
1380 2574 1457 2636 sunt
1479 2570 1527 2636 sic

251 2698 377 2761 semper
405 2678 551 2743 exhibita
579 2701 662 2763 esse,
689 2682 727 2743 ut
756 2677 936 2742 sententiae
960 2699 1072 2743 eorum
1095 2677 1235 2742 fideliter
1258 2698 1430 2761 expressae
1453 2677 1529 2761 sint,

250 2783 445 2852 Turonensis
470 2786 568 2851 codex
592 2786 687 2850 testis
711 2789 770 2869 est,
793 2785 828 2849 in
851 2806 925 2869 quo,
946 2789 984 2849 ut
1006 2784 1068 2849 hoc
1092 2783 1238 2867 exemplo
1258 2785 1340 2863 utar,
1364 2782 1528 2849 00100000-

249 2893 320 2958 viro
345 2891 512 2957 comitatu'
537 2890 632 2978 (Aen.
656 2891 704 2956 IV
728 2888 911 2976 215)10000
938 2894 1012 2973 apte
1037 2889 1199 2973 adscripta
1222 2891 1355 2955 suntid
1376 2895 1420 2956 000
1441 2891 1529 2957 moll'

249 3004 279 3064 00
300 2999 489 3080 effeminato:
518 3021 600 3082 quae
628 2999 659 3063 00
684 2997 881 3063 Floriacensi
909 3019 981 3061 cum
1006 2995 1135 3061 Servius
1163 2997 1301 3062 similem
1329 3018 1457 3062 versum
1487 3020 1526 3062 ex

251 3129 337 3173 nono
360 3108 446 3171 libro
470 3105 646 3189 laudasset,
671 3105 725 3190 qui
750 3107 800 3170 est
822 3125 839 3169 0
861 3125 928 3169 vere
950 3103 1126 3186 Phrygiae!
1161 3124 1256 3186 00000
1278 3105 1361 3169 caim
1382 3103 1528 3188 Phryges,

251 3213 291 3279 ad
314 3214 399 3278 hunc
424 3213 669 3278 adcommodata
694 3218 782 3297 sunt,
806 3215 842 3277 ut
865 3211 1080 3295 adponeretur
1103 3212 1138 3276 id
1159 3216 1203 3298 000
1224 3211 1402 3291 effeminati.
1444 3215 1529 3277 cete-

251 3344 324 3386 rum
347 3321 381 3385 in
403 3320 492 3384 tertii
516 3320 623 3405 quarti
647 3321 751 3405 quinti
768 3319 845 3384 libri
864 3318 1105 3384 commentariis
1124 3319 1253 3403 parcius
1273 3319 1406 3383 adhibui
1424 3322 1528 3383 trans-

249 3427 390 3511 ponendi
422 3427 611 3509 artificium,
641 3449 707 3492 non
737 3447 801 3512 quo
833 3426 864 3490 ei
896 3424 1040 3490 diffidere
1073 3427 1266 3509 coepissem,
1303 3424 1358 3489 sed
1391 3426 1476 3511 quod
1509 3449 1529 3491 a

250 3535 348 3601 tertio
367 3535 450 3600 libro
470 3534 585 3618 incipit
604 3535 799 3601 Turonensis
820 3534 938 3599 codicis
958 3555 1048 3616 usus,
1071 3554 1111 3597 ex
1135 3555 1198 3617 quo
1222 3554 1303 3616 quae
1327 3531 1426 3597 fuerit
1449 3533 1527 3597 olim

251 3641 476 3708 additiciorum
501 3642 697 3707 scholiorum
721 3642 827 3707 forma
850 3641 945 3706 facile
969 3641 1120 3724 cognosci
1142 3641 1261 3724 potest.

339 3749 516 3826 Restatut
538 3748 577 3813 de
600 3748 706 3813 tribus
728 3749 910 3833 pleniorum
933 3747 1092 3812 librorum
1117 3746 1337 3811 additionibus
1361 3746 1458 3830 paulo
1477 3768 1526 3811 ac-

252 3858 395 3923 curatius
426 3857 549 3940 dicam,
577 3877 658 3940 quae
687 3876 765 3919 num
792 3856 878 3918 recte
902 3875 922 3917 a
945 3874 996 3918 me
1020 3873 1164 3917 seorsum
1187 3853 1314 3937 positae
1338 3857 1447 3918 000000
1470 3876 1528 3918 000

252 3963 321 4029 0000
345 3964 506 4029 dubitavit
528 3963 712 4028 Fridericus
733 3958 929 4044 Schoellius,
953 3960 1009 4044 qui
1033 3959 1106 4024 aliis
1129 3982 1256 4045 quoque
1275 3961 1355 4025 10000
1375 3960 1470 4024 000000
1489 3961 1528 4025 (10

253 4072 360 4137 causis
384 4095 403 4136 a
426 4069 660 4155 transponendi
685 4067 792 4133 studio
817 4090 868 4133 me
892 4067 1062 4132 revocavit.

341 4177 420 4244 Aen.
443 4177 460 4242 I
483 4179 525 4243 63
550 4175 595 4262 (p.
618 4178 674 4260 37,
700 4172 839 4261 12000.)
862 4174 962 4260 igitur
985 4174 1085 4238 verba
1108 4197 1189 4259 quae
1213 4178 1289 4240 sunt
1312 4175 1451 4256 alioquin
1473 4175 1529 4240 Io·

251 4287 327 4351 00000
356 4285 566 4368 obsequiosa
587 4290 691 4367 posset
717 4284 758 4348 ab
792 4283 858 4347 illis
887 4282 1004 4367 quibus
1032 4281 1066 4346 in
1089 4280 1276 4347 0000011000
1305 4281 1430 4348 adiecta
1454 4288 1530 4349 0000

253 4397 326 4458 brac
352 4392 406 4456 1000
432 4392 558 4472 faceret,
590 4413 672 4476 quae
700 4390 772 4474 ipsa
799 4391 951 4473 corrupta
978 4410 1048 4453 esse
1076 4389 1196 4473 iudico,
1229 4390 1406 4473 segregavi.
1457 4389 1528 4455 ideo

256 4503 364 4565 autem
377 4485 426 4563 ,ea
449 4498 490 4563 ad
513 4520 542 4562 v.
561 4498 603 4563 63
628 4497 792 4580 adscripta
815 4518 885 4561 esse
908 4496 1036 4580 opinor,
1058 4501 1095 4561 ut
1114 4496 1357 4582 intellegeretur
1376 4519 1439 4581 quo
1459 4517 1531 4561 con·

254 4606 329 4670 silio
353 4606 520 4690 Vergilius
543 4607 667 4670 iussum
688 4603 829 4668 Aeolum
855 4607 964 4667 ventos
988 4602 1086 4668 modo
1111 4603 1257 4667 emittere
1276 4603 1371 4668 modo
1390 4603 1530 4673 retinere

253 4713 402 4778 dixisset:
432 4713 584 4779 videlicet
607 4717 644 4777 ut
666 4711 791 4776 iubenti
815 4710 870 4776 ille
893 4710 1008 4776 Iunoni
1032 4711 1205 4775 obsecutus
1228 4713 1456 4794 tempestatem
1480 4731 1530 4772 ex·

252 4820 353 4887 citare
375 4823 497 4906 posset.
528 4842 639 4885 eorum
663 4841 745 4905 quae
769 4822 947 4904 sequuntur
967 4817 1047 4881 mihi
1068 4816 1197 4901 quidem
1215 4816 1296 4881 haec
1315 4816 1442 4882 videtur
1461 4837 1530 4881 esse
