3396 5422
254 373 319 439 582
830 379 950 437 sunvu

344 543 417 606 691.
454 560 522 607 Tun
541 560 726 608 nnvouvrc
750 562 843 611 Touo
863 563 927 611 EST
946 550 1002 611 aut
1026 546 1200 631 ‘saepius':
1220 551 1277 611 aut
1295 549 1534 631 promauteusis

253 653 316 731 est,
339 651 553 734 praecaptum,
580 654 713 735 propter
746 652 833 719 bella
865 652 1083 740 Carthaginis.
1168 681 1353 723 rnmnrmrs
1378 657 1536 724 vicinitate

254 759 370 825 mene.

341 866 416 933 692.
454 883 693 945 monuvmovn
711 886 873 933 caenum
892 872 982 956 atqui
1002 871 1083 936 dixit
1102 871 1209 954 (631)
1228 871 1396 937 invisam
1420 895 1534 957 quae·

216 982 339 1039 trena
363 997 474 1060 quam
498 975 660 1058 primum
685 976 911 1061 abrumpere
934 979 1074 1061 lucem,
1103 979 1159 1043 sed
1187 979 1331 1044 ostendit
1358 981 1533 1046 morientes

254 1104 313 1146 sua
336 1082 508 1166 inprobare
527 1082 695 1166 desideria,
719 1087 755 1148 ut
772 1083 807 1147 in
825 1088 915 1149 serto
935 1086 1044 1169 <436>
1069 1108 1180 1171 quam
1204 1087 1353 1152 vellent
1375 1088 1532 1154 aethere

251 1191 290 1255 in
313 1190 396 1255 alto
419 1211 518 1254 nunc
541 1193 578 1254 et
601 1192 825 1275 pauperiem
849 1197 887 1257 et
910 1193 1025 1258 duros
1048 1194 1227 1278 perferre
1250 1194 1415 1260 labores.

341 1298 414 1362 693.
451 1314 544 1362 Tva'c
568 1315 653 1363 lvuo
678 1314 901 1365 onn'IPornns
925 1305 982 1365 aut
1004 1302 1160 1385 pronuba,
1185 1306 1242 1366 aut
1263 1302 1402 1367 inferna.

341 1405 415 1470 694.
452 1421 722 1482 nle‘rlclunsovn
748 1424 873 1473 oemvs
898 1408 974 1493 quie
997 1414 1166 1493 supererat
1189 1410 1258 1474 vita
1280 1410 1319 1493 ei,
1341 1433 1424 1495 quae
1447 1433 1533 1495 essu,

203 1522 236 1569 10
254 1537 318 1580 non
343 1519 400 1580 aut
423 1514 492 1579 fato
517 1519 574 1579 aut
596 1519 712 1581 natura
736 1519 948 1583 moriebatur:
972 1523 1010 1583 ut
1032 1518 1139 1601 <696>
1164 1516 1256 1582 ‘nam
1281 1518 1358 1603 quia
1375 1540 1435 1583 nec
1453 1520 1532 1603 fato,

252 1623 370 1688 merita
388 1645 447 1687 nec
465 1626 569 1687 morte
588 1623 741 1707 peribat'‚
764 1624 795 1688 id
815 1628 865 1689 est
882 1625 1035 1690 naturali.
1103 1642 1178 1689 lum
1196 1642 1368 1689 nnulrrrr
1389 1642 1531 1692 eampo

253 1735 288 1796 ut
312 1734 345 1795 et
369 1754 467 1814 supra
491 1729 561 1813 <111
585 1731 649 1812 46>
673 1730 1036 1814 dixim11S,trahithoc
1060 1731 1100 1797 de
1123 1732 1245 1797 Alcesti
1268 1732 1448 1817 Euripidis,
1475 1735 1532 1819 qui

253 1839 376 1905 inducit
404 1838 599 1903 Mercurium
628 1838 657 1901 ei
685 1860 810 1903 comam
840 1843 1017 1922 secantem,
1051 1839 1128 1923 quia
1160 1840 1229 1903 fato
1257 1840 1385 1922 peribat
1412 1841 1531 1904 mariti.

250 1948 309 2012 clii
336 1949 443 2013 dinrnt
470 1947 655 2027 Euripidem
689 1945 801 2010 Orcnrn
835 1949 870 2010 in
897 1967 1018 2011 scerrnrn
1041 1948 1194 2015 inducere,
1218 1948 1360 2029 pladiani
1385 1948 1531 2027 ferentem

198 2059 230 2107 15
248 2080 308 2141 prro
336 2059 452 2122 crinem
479 2055 595 2120 Alcesti
621 2055 770 2136 abscidet,
797 2058 825 2118 ct
850 2055 1036 2135 Euripidem
1064 2053 1119 2118 boc
1140 2075 1161 2117 a
1184 2053 1375 2136 Phrynicho,
1404 2055 1531 2136 antiqno

251 2168 377 2250 tropico,
400 2170 583 2229 rrrrdnntnrn.
630 2185 707 2227 saue
731 2162 897 2227 sciendum
926 2163 987 2227 hoc
1011 2161 1083 2227 ideo
1107 2185 1192 2227 nunc
1215 2163 1298 2246 fieri,
1329 2162 1405 2246 quia
1432 2164 1530 2227 certis

249 2273 548 2340 consecrationibus
573 2271 722 2335 solebant
744 2271 892 2337 homines
915 2270 1020 2335 facere
1044 2275 1080 2335 ut
1103 2272 1220 2336 muniti
1244 2273 1353 2335 esseut
1376 2268 1529 2334 adversus

249 2381 399 2446 fortunae
423 2382 576 2465 impetus,
597 2401 656 2445 nec
680 2383 832 2464 poteraut
855 2381 937 2443 mori
960 2378 1024 2443 nisi
1047 2378 1249 2443 exauctorati
1277 2379 1336 2442 illa
1363 2399 1529 2443 consecra-

249 2490 352 2555 tione:
377 2490 459 2554 unde
482 2490 567 2555 circa
589 2488 750 2554 Didonem
773 2491 838 2554 ista
861 2494 1041 2555 servantur.

196 2596 231 2645 20
339 2599 412 2663 696.
450 2627 513 2665 mn
536 2626 604 2672 orm
624 2625 681 2665 rec
698 2625 771 2664 mro
792 2620 861 2662 enne
884 2601 967 2663 dicut
994 2599 1146 2681 I'erpitine
1173 2595 1223 2677 <X
1246 2595 1333 2676 4117>
1360 2600 1437 2661 stet
1461 2615 1529 2659 scre

248 2709 378 2790 cuique
400 2709 492 2790 dies,
515 2710 660 2786 pcernodo
682 2707 732 2771 hic
754 2708 828 2772 dicit
851 2706 941 2771 ‘nnnc
963 2709 1038 2788 orric
1062 2727 1114 2769 nec
1134 2705 1202 2784 fcto
1225 2705 1335 2768 merita
1357 2725 1412 2768 nec
1433 2708 1529 2767 rnortc

243 2816 375 2898 peribat,
397 2817 451 2881 sed
471 2817 585 2881 misera
606 2821 679 2880 aue
701 2815 822 2881 dienr'?
844 2835 919 2877 nnnr
941 2816 971 2879 ei
991 2815 1058 2894 snio
1080 2815 1225 2895 uicimus,
1252 2813 1329 2894 qnid
1348 2818 1446 2896 nerent
1467 2833 1527 2876 me-

248 2924 335 2988 rite?
357 2926 386 2989 si
402 2944 573 3005 pnaeurnnr
595 2925 726 3001 crinitis,
757 2944 836 3005 qrcee
859 2924 903 2987 cie
927 2922 1014 3001 foti?
1041 2922 1189 3004 quomodo
1215 2921 1265 2986 hic
1290 2921 1447 3002 ciseium
1472 2921 1527 2985 nd·

252 3054 336 3063 u-——-
348 3054 380 3060 —-
390 3054 462 3061 *-

320 3126 336 3172 :t
362 3119 542 3174 ‘errantibus'
563 3118 709 3173 vicinitate
728 3119 838 3189 mortis]
863 3116 897 3170 cf.
917 3118 996 3172 Luct.
1016 3119 1091 3172 Plac.
1110 3117 1147 3171 ad
1166 3118 1236 3171 Stat.
1256 3117 1343 3172 Theb.
1363 3117 1429 3172 VIII
1448 3122 1500 3171 756

249 3197 282 3244 12
301 3191 390 3244 trahit
408 3191 462 3244 hoc
482 3235 531 3246 ...
552 3192 724 3259 mutuatum]
744 3189 777 3244 cf.
798 3188 920 3245 Macrob.
940 3189 998 3243 Sat.
1012 3190 1039 3242 V
1055 3196 1096 3253 lu,
1112 3195 1124 3242 1
1142 3207 1201 3256 sqq.
1222 3188 1527 3257 mythogr.II19‚11!'

250 3269 281 3316 16
301 3279 367 3316 sane
386 3262 530 3317 sciendum
551 3306 556 3317 .
577 3306 582 3316 .
604 3305 609 3316 .
630 3263 788 3333 serrantur]
808 3279 893 3316 emer.
912 3260 1052 3331 mythogr.
1072 3262 1153 3327 1119,
1176 3268 1207 3315 12

321 3449 333 3496 1
355 3445 393 3496 nd
405 3445 450 3497 ter
463 3462 484 3496 r.
500 3446 520 3497 t.
535 3461 556 3497 e.
573 3460 650 3509 supr.
666 3461 730 3496 rere.
746 3444 796 3496 aut
810 3441 903 3510 sepius
917 3443 967 3494 aut
985 3444 1028 3496 eat
1047 3441 1225 3510 praesagium
1244 3445 1358 3511 propter
1376 3442 1433 3497 tria
1450 3443 1528 3497 bella

247 3513 350 3583 punica
372 3515 416 3583 ΤΙ
429 3514 635 3583 promanteusis
655 3515 714 3568 Fc
733 3517 947 3583 promanteusue
961 3513 995 3566 N
997 3513 1061 3567 LH
1079 3531 1103 3585 p
1122 3515 1217 3567 mente
1235 3532 1301 3567 usus
1317 3515 1355 3567 Μ
1375 3531 1427 3582 pro
1446 3531 1527 3569 oeco-

246 3586 342 3640 nomia
355 3605 421 3640 usus
437 3587 513 3639 Lern.
524 3587 646 3653 Bursa!
664 3594 680 3639 2
695 3588 738 3640 est
754 3628 794 3639 ...
809 3584 919 3654 mort-ie]
936 3587 978 3639 est
993 3586 1149 3639 errantibus
1163 3584 1337 3639 uicinitatem
1353 3586 1414 3654 (ric)
1428 3587 1527 3641 mortis

246 3660 362 3726 propter
376 3658 433 3711 tria
450 3658 527 3712 bella
542 3658 644 3727 punica
657 3657 834 3727 praesagium
849 3659 964 3724 propter
977 3657 1081 3711 bellam
1096 3657 1271 3726 chartagium
1284 3657 1314 3710 F
1324 3659 1334 3724 Ι
1348 3657 1526 3727 praesagium

246 3730 307 3782 heb.
324 3727 367 3795 01
382 3729 572 3800 Cadhaninis]
591 3747 657 3783 nam
675 3729 732 3783 tria
750 3746 812 3782 cum
832 3727 966 3781 Romanis
985 3729 1062 3782 fuere
1080 3728 1157 3783 bella
1175 3729 1281 3782 Punica
1297 3731 1379 3795 culpo
1397 3731 1505 3783 addunt

246 3799 392 3855 vicinitate
403 3801 507 3854 Durrict
519 3804 529 3867 Ι
543 3801 672 3869 11111ᾳηί11
686 3801 716 3854 F
732 3802 780 3855 aut
790 3799 838 3867 qui
848 3800 900 3865 λἸ
914 3798 996 3865 dixit]
1012 3818 1097 3869 supra
1111 3800 1151 3853 ait
1162 3801 1199 3852 Μ
1210 3802 1221 3868 fl
1235 3802 1298 3854 ted
1307 3818 1331 3853 r.
1343 3808 1394 3854 693
1410 3802 1441 3854 in
1454 3819 1525 3854 mor·

245 3873 309 3939 piae
327 3872 492 3926 Turonensis
510 3890 542 3926 ee
560 3890 660 3927 manns
677 3890 747 3943 quoe
765 3872 914 3924 tironianis
932 3872 1005 3924 notis
1024 3874 1113 3924 utitur
1130 3873 1196 3925 boec
1213 3873 1324 3941 scripsit
1342 3871 1441 3926 lunoni
1460 3890 1525 3926 con-

246 3946 355 3997 secrata
373 3944 471 3997 fuerat.
501 3944 621 4013 ideoque
635 3962 690 3999 non
704 3946 816 4014 poterat
836 3942 906 3995 mori
925 3942 979 3996 nisi
997 3944 1170 3998 consecratio
1184 3944 1278 3998 soluta
1295 3944 1404 3999 fuisset
1428 3944 1526 3998 dicunt

246 4014 319 4069 enim
339 4014 409 4069 seire
428 4016 575 4084 pontifices
593 4016 729 4084 quasdam
748 4013 980 4069 consecrationes.
1018 4014 1118 4082 quibus
1141 4020 1290 4084 postquam
1308 4016 1411 4084 aliquis
1430 4033 1524 4070 conse·

246 4088 338 4140 cratus
357 4086 454 4147 fuerit.
479 4105 535 4141 non
559 4105 640 4157 posse
664 4088 744 4141 illum
764 4086 836 4140 mori
855 4085 942 4139 donec
961 4086 1055 4139 soluta
1073 4088 1291 4141 consecratione.
1328 4092 1357 4142 et
1374 4088 1439 4141 ideo
1457 4087 1524 4141 iuno

245 4157 401 4211 transmisit
418 4159 482 4212 irim
502 4159 530 4212 id
550 4162 591 4213 est
610 4176 705 4213 arcum
725 4158 874 4213 caelestem
893 4157 938 4210 uel
958 4157 1040 4210 deam
1063 4159 1122 4212 eius
1146 4177 1227 4213 arcus
1250 4160 1282 4213 ut
1305 4160 1426 4213 solueret
1444 4159 1523 4212 illam

246 4230 492 4284 consecrationem.
507 4232 517 4297 Ι
532 4236 562 4283 11
585 4251 641 4284 runc
656 4232 686 4283 1⁴⁷
707 4251 768 4284 rura
783 4230 808 4282 L
822 4232 832 4296 Ι
846 4248 972 4282 onmrrrr
991 4229 1090 4282 ΜΗ
1116 4250 1236 4284 nmrrrr
1257 4230 1322 4285 OM
1348 4249 1455 4284 numam
1474 4230 1504 4283 F
1521 4232 1523 4261 ⁵

247 4306 280 4353 la
299 4301 393 4354 alciati
411 4301 470 4356 FC
495 4302 629 4356 alcestide
651 4304 708 4368 ,111
722 4308 755 4354 13
775 4299 957 4369 Mercurium]
976 4304 1095 4355 mortem
1115 4302 1148 4355 G.
1165 4302 1299 4368 i'oeeinsfl
1321 4309 1354 4355 11
1372 4303 1410 4355 ud
1429 4319 1452 4355 r.
1472 4308 1523 4356 694

246 4373 276 4425 in
294 4390 381 4438 cnoro.
401 4375 512 4442 praeter
531 4374 605 4441 quod
625 4373 731 4427 semiue
750 4373 818 4427 dicit
838 4372 952 4440 quidam
971 4371 1068 4425 dieunt
1086 4371 1241 4442 euripidem
1323 4373 1416 4426 alciati
1434 4373 1523 4428 abaci·

245 4443 294 4497 dat
313 4447 342 4497 et
361 4445 414 4498 hoc
434 4444 588 4510 euripidem
603 4464 619 4498 a
634 4445 753 4512 phenice
768 4444 884 4510 antiquo
898 4443 1007 4512 tragico
1027 4446 1186 4498 mutuatum
1205 4462 1238 4498 ex
1258 4462 1314 4512 quo
1332 4445 1385 4498 hoc
1404 4444 1523 4513 sumpsit

244 4587 413 4655 ,
429 4516 808 4642 terrerentur
816 4515 1064 4642 frarann
1071 4516 1192 4655 nc.
1201 4515 1364 4641 11111
1376 4515 1524 4641 eren

244 4659 364 4727 phenice
386 4659 411 4711 T
436 4659 537 4728 poenia
558 4659 588 4711 F
617 4660 731 4713 Pratins
749 4661 904 4721 Berrtieins,
927 4660 1007 4711 cnrirrs
1029 4660 1227 4712 aemulationes
1250 4644 1354 4728 ediceret
1372 4659 1523 4712 Ser-cinnae

244 4731 330 4783 edidit
347 4730 514 4784 Edrnnrnins
528 4731 649 4784 Hedicke
668 4734 697 4783 in
715 4735 916 4798 proprnmmute
934 4732 1073 4797 amenesii
1088 4731 1348 4798 Qnectiinhurpeneis
1362 4733 1521 4785 (1111ιί1879.

244 4800 365 4867 Panyasi
383 4802 416 4855 G.
433 4802 545 4856 Vocem
562 4805 572 4868 Ι
592 4807 624 4855 18
644 4806 776 4869 poterunt
795 4802 843 4869 01
862 4808 898 4854 ⁸20
915 4802 1046 4854 scholium
1065 4802 1103 4855 od
1122 4818 1144 4854 r.
1164 4807 1216 4854 696
1235 4802 1265 4855 ire
1283 4818 1369 4862 nore.
1387 4802 1450 4856 nee.
1472 4803 1497 4854 T
1513 4803 1522 4841 Ἰ

245 4879 277 4926 21
297 4873 343 4926 hic
368 4874 402 4926 Y.-
420 4874 485 4927 hiae
506 4873 535 4928 F
560 4874 613 4928 hoc
635 4874 807 4941 Dunieiffl
826 4871 936 4944 peribat
954 4890 1004 4925 err.
1023 4873 1115 4941 Trea
1135 4870 1181 4927 hio
1200 4889 1234 4926 es
1251 4873 1305 4928 hoo
1323 4873 1450 4943 Fliatu
1467 4873 1499 4927 F
