3396 5422
239 386 304 450 488
814 387 935 443 SERVII

332 552 402 616 137.
430 576 574 616 eioaamu
589 578 669 618 rrcra
687 558 716 617 ct
729 554 854 635 reliqna.
878 558 972 617 vatem
985 554 1225 617 caramanraanm
1239 554 1307 616 inre
1318 557 1518 636 praeceptam

238 663 290 735 eet,
312 663 348 722 nt
368 658 531 739 flaminica
553 665 697 724 amenata
725 665 830 743 operta
856 661 905 725 eit.
951 665 1055 742 operta
1082 665 1185 730 anam
1212 681 1282 724 cnm
1308 662 1423 724 dicitnr
1444 661 1517 742 pat-

57 749 60 755 ’
153 837 157 842 ,
239 765 317 829 linm
338 767 544 850 membratur,
567 773 748 832 ocnanatnm
770 773 872 831 annm
894 768 1057 848 infectam:
1086 768 1168 849 qnod
1194 768 1257 849 ipee
1279 769 1326 832 ait
1347 769 1382 832 in
1405 768 1516 832 bacali-

210 875 283 936 ·cie
305 873 393 937 alba
415 893 478 938 nea
500 874 658 955 Assyrio
684 874 839 959 ¹facatnr
866 875 954 938 tana
980 895 1126 938 ocneno.
1176 874 1225 938 bic
1251 895 1320 939 acra
1347 895 1416 939 cnm
1442 877 1519 939 dicit

204 991 220 1040 5
240 979 426 1045 ‘Sidoniam’
444 981 574 1045 ostendit
589 981 719 1063 Tyriam
737 986 765 1044 ct
777 967 969 1063 pnrpuream
975 1002 985 1043 .·
1000 1002 1191 1064 purpuream
1209 982 1346 1047 dmtarat
1361 983 1516 1062 infectam.

239 1085 458 1170 ‘chlamydem'
487 1092 589 1151 anam
610 1088 747 1169 pattinm
778 1107 841 1151 cesa
867 1089 937 1168 anm
968 1087 1105 1151 dnmtct?
1132 1094 1292 1174 praeterea
1324 1089 1517 1171 dominicam

237 1193 345 1258 habere
365 1195 558 1276 praecipiter
584 1194 739 1277 moniam,
766 1195 878 1272 meam,
905 1199 1098 1279 cannatum,
1125 1196 1262 1277 dbatam.
1307 1198 1344 1260 dc
1369 1201 1516 1260 venenato

238 1301 352 1365 dictam
375 1307 426 1365 eet.
471 1301 612 1365 araatnm
639 1320 708 1364 ocra
735 1305 780 1364 cet
805 1300 894 1382 airpa
916 1321 952 1364 aa
974 1301 1056 1365 mato
1084 1301 1207 1365 Panica
1235 1303 1412 1382 incarnata,
1438 1323 1517 1384 qnae

237 1409 276 1491 {it
296 1411 387 1490 arraei
409 1429 521 1473 corona
543 1413 572 1472 et
593 1409 658 1471 ima
680 1427 859 1488 enmmaane
877 1408 1006 1472 interea
1024 1392 1312 1491 attipatnroincnta
1332 1411 1418 1475 henco
1436 1410 1515 1488 albo,

189 1527 221 1576 ιο
239 1537 333 1598 qnam
360 1517 395 1580 in
422 1517 585 1598 sacrificiis
612 1516 700 1579 certis
727 1516 835 1597 rapina
861 1516 897 1578 in
923 1517 1020 1597 capite
1050 1515 1190 1595 habebat,
1220 1517 1383 1597 flamrmm
1415 1521 1517 1581 annm

239 1622 348 1688 Diatie
370 1625 455 1687 omni
476 1624 700 1705 sacrificatimre
720 1623 769 1686 nti
792 1618 937 1687 debdat
954 1622 1106 1704 Verpitine
1128 1643 1197 1705 erpo
1209 1629 1338 1706 propter
1354 1624 1517 1688 nominnm

239 1736 268 1795 at
293 1731 462 1795 intellectae
489 1731 702 1812 difficultatem
729 1729 821 1794 aliter
848 1730 954 1819 ompia
981 1729 1210 1811 conprehendit:
1237 1751 1312 1794 nam
1333 1751 1394 1813 pro
1415 1730 1517 1812 pallio

240 1837 442 1922 cbhrmydem,
459 1858 520 1920 pro
543 1841 700 1914 catenato,
728 1838 763 1901 id
783 1841 827 1901 eet
855 1836 979 1916 infecta,
1008 1835 1180 1900 Sidoniam.
1224 1838 1367 1902 arcnlnm
1393 1858 1462 1902 ocra
1489 1842 1518 1902 et

238 1945 367 2027 fibulam
390 1965 427 2008 ca
440 1926 527 2008 ¹anro
548 1945 634 2024 sacta
656 1948 871 2008 commemorat
891 1944 1016 2007 dicenda
1040 1941 1106 2007 ‘cni
1122 1943 1273 2025 pharetra
1295 1964 1332 2008 aa
1348 1965 1435 2028 anre,
1458 1946 1516 2008 ari-

86 2052 91 2063 “
189 2065 220 2112 la
239 2071 294 2115 nce
322 2053 479 2116 nodantur
509 2053 545 2114 in
576 2049 715 2129 carnam',
751 2052 832 2132 qnod
858 2052 894 2115 in
919 2051 1062 2114 arontam
1089 2056 1187 2132 potest
1217 2052 1342 2131 referri:
1374 2072 1450 2115 nam
1481 2051 1517 2114 de

238 2159 334 2240 dbnla
351 2159 551 2236 manifestam
569 2163 613 2222 eet
629 2179 699 2222 cnm
716 2159 764 2221 ait
782 2157 894 2222 ‘amrea
905 2178 1101 2240 pnrpuream
1119 2158 1266 2222 ecrbnmtit
1277 2159 1375 2241 ribato
1387 2157 1517 2223 oaetcm’.

240 2263 418 2329 ‘subnectit'
449 2269 551 2329 arctam
574 2266 650 2347 qnid
670 2266 759 2329 alind
785 2270 841 2343 cet,
867 2286 962 2346 qnam
984 2286 1108 2330 enrenm
1130 2268 1223 2330 nectit
1244 2286 1281 2330 ac
1296 2288 1355 2348 pcr
1377 2266 1431 2330 boc
1452 2285 1516 2330 ena

239 2374 371 2437 cinctam
392 2372 492 2453 facit?
517 2370 648 2436 ‘vestam'
671 2393 741 2436 acra
757 2392 925 2454 poeenmne
947 2374 1045 2437 ricam
1067 2374 1214 2457 camere,
1237 2375 1312 2455 qnia
1334 2374 1400 2436 rica
1419 2393 1516 2455 penne

238 2486 283 2545 eet
303 2482 400 2545 acetis.
433 2454 693 2559 ecicndnm‘eana
715 2480 795 2544 eicnt
811 2500 908 2562 snpra
925 2481 1048 2559 dictam,
1071 2481 1180 2560 nbiqne
1202 2480 1357 2545 Didonem
1378 2480 1516 2562 flamini·

186 2599 307 2651 accam
338 2589 461 2652 ostendi.
551 2605 661 2651 1111Βο
691 2586 810 2650 limbus
839 2591 904 2670 est,
934 2588 1018 2650 sicut
1047 2610 1145 2671 supra
1171 2587 1224 2669 <11
1252 2587 1337 2670 616>
1366 2586 1515 2669 diximus²

239 2694 349 2777 fascia,
373 2716 455 2778 quae
479 2694 583 2758 ambit
606 2693 844 2758 extremitatem
863 2695 1003 2759 vestium
1023 2695 1196 2758 secundum
1216 2696 1385 2779 antiquum
1405 2695 1515 2777 ritum,

239 2806 276 2865 ut
295 2800 346 2884 <V
362 2801 448 2883 250>
473 2802 616 2866 victori
640 2801 880 2885 chlamydem
904 2805 1092 2885 auratam,
1115 2823 1227 2885 quam
1249 2801 1418 2885 plurima
1441 2803 1516 2865 cir·

239 2930 321 2972 cum
344 2930 520 2991 purpura.

168 3085 171 3090 .
330 3015 402 3079 138.
440 3041 491 3079 aar
506 3041 658 3081 caracara
678 3041 718 3080 aa
735 3041 815 3080 arao
842 3018 922 3081 dccet
949 3015 1054 3080 ‘crat'.
1108 3023 1137 3080 et
1167 3022 1255 3080 amat
1279 3021 1372 3098 pacta
1405 3017 1517 3080 iterare
1547 3063 1552 3076 ‚

186 3132 219 3181 aa
238 3142 327 3205 cocae,
349 3123 394 3186 aet
412 3124 572 3206 pretiosae,
594 3123 640 3187 aet
662 3124 858 3207 neocesariae,
880 3123 926 3187 act
948 3123 1108 3204 optabiles:
1126 3123 1288 3204 pretiosae,
1306 3128 1342 3186 nt
1365 3122 1402 3205 <1
1426 3123 1514 3206 448>

311 3360 324 3406 1
344 3353 438 3407 vetere
509 3354 607 3421 operta
626 3351 684 3476 city
695 3352 729 3406 cf.
745 3352 816 3408 Gell.
831 3313 913 3420 m
928 3358 961 3406 27
975 3354 985 3424 ll
999 3360 1015 3406 3
1028 3352 1174 3422 bucolicis]
1190 3353 1276 3406 immo
1291 3368 1385 3421 georg.
1400 3352 1492 3405 11465
1507 3386 1515 3420 ·.

238 3429 273 3478 20
290 3423 392 3478 limbus
411 3441 434 3479 e.
455 3442 480 3493 q.
500 3424 533 3493 a]
558 3440 642 3478 exscr.
687 3425 740 3479 uct.
760 3424 836 3478 Plac.
856 3424 892 3477 ad
911 3423 980 3479 Stat.
1001 3424 1088 3479 Theb.
1109 3424 1147 3477 VI
1165 3430 1216 3478 367
1242 3426 1271 3477 et
1288 3423 1325 3476 ad
1344 3424 1412 3478 Ach.
1433 3425 1443 3476 Ι
1464 3429 1515 3476 330

311 3648 324 3693 1
344 3641 432 3694 ueteri
451 3639 669 3694 ceremoniarum
692 3639 753 3693 iure
776 3641 956 3708 praeceptum
979 3640 1022 3692 est
1041 3680 1047 3692 .
1067 3682 1073 3694 .
1094 3681 1099 3693 .
1119 3636 1222 3706 ubique
1240 3636 1379 3690 Didonem
1396 3634 1514 3690 flamini-

238 3728 300 3765 cam
320 3712 429 3765 ostendi
448 3713 479 3764 in
492 3728 577 3779 marp.
592 3727 652 3779 enp.
670 3711 703 3777 T,
720 3711 799 3765 babet
813 3712 937 3766 Ambrae.
952 3713 990 3780 {12
1009 3708 1149 3763 flaminica
1170 3709 1206 3760 T:
1224 3707 1330 3762 flamini
1349 3725 1382 3761 ccc
1400 3707 1515 3761 flamina

238 3782 268 3835 F
296 3781 397 3836 flamen
415 3783 539 3836 Ambrae.
554 3785 593 3852 115
612 3799 782 3850 purpuream
801 3783 926 3836 declarat
943 3780 1075 3835 infectam
1097 3781 1134 3833 T:
1153 3796 1320 3849 perpuream
1339 3779 1456 3833 dederat
1473 3779 1515 3833 in-

238 3855 312 3907 l'eeba
327 3853 357 3905 F
381 3870 550 3922 purpureum
565 3853 690 3906 declarat
703 3853 838 3907 infectum
853 3854 976 3906 Ambrae.
1006 3852 1121 3905 dederat
1134 3851 1267 3905 infectam
1282 3852 1385 3905 Daniel
1400 3856 1424 3904 et
1439 3850 1514 3903 Gam-

237 3926 353 3978 mctinae
371 3941 443 3992 quae
462 3931 522 3977 erat
539 3924 644 3977 infecta
664 3925 819 3978 Maeaicine
837 3928 846 3992 ΙΙ
865 3931 880 3977 6
901 3923 1049 3978 clamidem
1068 3923 1098 3975 F
1109 3925 1119 3993 ll
1136 3924 1255 3993 pallium
1274 3926 1368 3976 autern
1390 3922 1415 3975 Τ
1440 3922 1515 3975 chla-

238 3996 349 4065 mydem
367 3997 497 4050 omittens.
531 3995 647 4065 pallium
667 3997 765 4059 autem*
781 3995 957 4064 chlamydem
976 3996 1099 4049 Ambrae.
1124 3997 1133 4063 ΙΙ
1156 3997 1302 4064 praeterea
1320 4009 1369 4047 om.
1389 3994 1514 4048 Ambrae.

237 4069 387 4137 propterea
406 4067 454 4136 θΙΙ
472 4066 612 4119 flaminica
633 4067 657 4118 T
674 4070 683 4136 ΙΙ
703 4074 717 4120 't
737 4067 874 4136 arculam]
895 4067 929 4132 cs.
950 4065 1050 4120 Factae
1069 4067 1156 4120 Ponti
1174 4083 1195 4122 e.
1213 4083 1237 4119 o.
1257 4065 1382 4118 amulum
1396 4067 1405 4134 ΙΙ
1423 4064 1514 4132 rigam

239 4138 299 4192 FT
320 4141 330 4208 ΙΙ
352 4141 519 4192 uenenatam
540 4139 565 4190 T
585 4140 594 4207 ΙΙ
617 4138 664 4208 de]
685 4139 721 4192 ad
741 4138 770 4191 F
790 4139 800 4208 ΙΙ
822 4138 960 4192 uenenata
979 4138 1040 4190 FT
1058 4141 1067 4207 ΙΙ
1091 4143 1106 4191 8
1126 4137 1227 4206 punico
1247 4138 1325 4202 libri,
1344 4152 1412 4190 carr.
1433 4137 1514 4188 Mar-

238 4212 383 4279 aaardtine
401 4210 493 4263 Rocm.
513 4209 685 4263 Staateoern.
706 4210 745 4262 ΠΙ
761 4228 789 4279 p.
810 4214 860 4262 318
881 4210 972 4262 adnot.
993 4215 1025 4263 16
1046 4211 1056 4278 ΙΙ
1076 4209 1141 4262 aar
1161 4210 1199 4275 T:
1218 4208 1255 4262 sit
1273 4207 1303 4261 F
1320 4213 1344 4261 et
1362 4207 1486 4260 Ambrae.
1505 4205 1515 4276 ll

238 4283 390 4352 alligantur
411 4283 436 4334 T
448 4285 457 4349 ΙΙ
476 4282 540 4335 albo
559 4282 640 4334 laneo
659 4283 783 4336 Ambrae.
799 4283 808 4350 ΙΙ
829 4288 860 4334 10
880 4279 975 4350 quam]
996 4281 1070 4349 quod
1090 4281 1212 4334 Ambrae.
1228 4282 1237 4349 ΙΙ
1252 4278 1385 4348 habebat]
1405 4280 1447 4332 uti
1466 4278 1513 4330 hu·

238 4354 304 4408 beat
321 4354 352 4407 F
363 4359 372 4422 l
385 4353 525 4407 flaminica
545 4395 551 4406 .
571 4394 577 4406 .
598 4393 604 4406 .
624 4353 745 4406 debebat
763 4369 813 4406 am.
834 4352 862 4404 F
874 4353 883 4421 ΙΙ
900 4358 930 4404 11
950 4353 1070 4406 nominis
1089 4354 1212 4406 Ambrae.
1229 4354 1238 4420 ll
1258 4357 1289 4404 13
1310 4350 1466 4419 clamydem
1486 4347 1517 4401 F

238 4425 387 4480 clamidem
404 4425 462 4478 Tot
471 4425 595 4478 Ambrae.
610 4425 620 4493 l
633 4425 662 4477 id
677 4430 720 4478 est
733 4422 837 4477 infecto
851 4440 901 4478 om.
914 4423 944 4475 F
955 4427 965 4493 ΙΙ
981 4430 1013 4477 14
1027 4423 1103 4478 facta
1117 4424 1158 4477 F:
1177 4424 1280 4477 factam
1296 4422 1320 4473 T
1333 4426 1357 4475 et
1371 4422 1495 4474 Ambrae.
1506 4424 1515 4490 y

240 4504 271 4551 17
291 4514 415 4551 seorsum
433 4497 558 4550 Ambrae.
573 4496 583 4564 ΙΙ
597 4512 629 4549 ac
646 4490 683 4547 T:
702 4495 754 4549 hac
775 4495 805 4547 F
831 4497 860 4548 et
873 4497 997 4548 Ambrae.
1013 4498 1022 4565 ΙΙ
1036 4495 1207 4550 succinctum
1221 4494 1345 4547 Ambrae.
1360 4494 1370 4561 ΙΙ
1384 4498 1417 4545 18
1437 4493 1513 4562 vero]

239 4572 331 4623 autem
350 4569 472 4639 Ambrae⁴
490 4571 499 4637 ll
513 4567 601 4637 rigam
617 4566 678 4620 FT
689 4566 699 4634 ΙΙ
713 4567 774 4635 riga
789 4565 850 4619 FT
861 4569 871 4636 ΙΙ
887 4572 918 4620 19
939 4567 1044 4621 dictum
1064 4571 1108 4621 est
1128 4568 1153 4619 T
1165 4570 1174 4636 Ι]
1188 4568 1225 4620 ad
1244 4565 1419 4633 chlamydem
1437 4580 1513 4633 eapr.

237 4658 302 4695 aare.
323 4639 420 4695 clamis
439 4640 519 4709 pallii
537 4656 624 4708 genus
643 4637 710 4690 uiris
729 4642 826 4706 aptum
846 4644 875 4692 et
892 4638 1003 4692 feminis
1024 4639 1049 4690 Τ
1067 4639 1077 4707 ΙΙ
1100 4645 1134 4692 20
1153 4637 1237 4707 sicut]
1257 4638 1289 4690 ut
1307 4635 1338 4688 F
1353 4638 1363 4706 ΙΙ
1386 4638 1414 4688 eb
1432 4653 1516 4704 supra

240 4713 276 4764 M
294 4717 304 4782 ΙΙ
327 4718 360 4765 22
380 4711 529 4766 clamidem
549 4710 615 4764 FN
617 4710 681 4762 LH
706 4710 861 4779 clamydem
883 4711 919 4762 M
937 4712 947 4778 ll
969 4716 1004 4763 24
1023 4712 1059 4764 ad
1078 4710 1210 4779 pharetra
1227 4725 1303 4776 eapr.
1323 4724 1388 4763 aere.
1408 4707 1516 4760 seilicet

239 4786 311 4850 erat,
330 4786 362 4836 in
379 4801 440 4837 mar
459 4822 464 4834 .
485 4786 562 4837 amat
580 4781 707 4851 uirgiliue
726 4779 828 4835 iterare
848 4825 853 4836 .
875 4821 880 4834 .
901 4822 906 4834 .
926 4782 1061 4836 humilem
1080 4799 1164 4849 quam
1184 4781 1243 4848 (eia)
1262 4779 1389 4833 uidemus
1412 4779 1436 4831 T
1452 4780 1462 4848 ΙΙ
1480 4784 1514 4832 25

237 4855 395 4925 praeciosas
415 4800 457 4907 hy
470 4855 624 4923 praetiosae
648 4852 693 4921 ΤΙΙ
711 4852 849 4906 obtabiles
868 4851 898 4904 F
909 4854 919 4920 ΙΙ
938 4852 1098 4922 praeciosas
1116 4852 1147 4934 F
1172 4851 1327 4922 praetiosae
1349 4852 1375 4904 T
