3396 5422
480 380 592 438 oonn.
612 383 651 437 ΙΝ
670 382 777 439 vano.
796 383 880 439 nnn.
899 385 946 441 IV.
967 392 1115 441 soe-310.
1371 387 1436 451 519

79 562 82 566 ’
160 545 319 626 fiaiseendo
342 545 497 610 Didonem
521 547 622 611 aedat
643 548 772 626 Aeneas,
796 551 841 611 ito
864 550 989 631 incipit:
1017 551 1223 628 dissimulare,
1247 553 1282 615 id
1302 557 1353 630 est,
1375 574 1437 616 non

161 657 283 716 tantm
299 653 466 734 prostasii,
488 653 570 734 quod
591 658 635 717 est
651 675 708 736 per
730 675 762 719 se
783 656 918 733 malurn
945 657 999 719 sed
1019 662 1056 720 ut
1076 678 1123 722 ine
1143 655 1276 738 falleres.
1367 676 1437 724 nls·

161 775 338 824 smvnrnn
362 776 470 822 nomn
493 759 572 823 satis
597 761 773 826 artificiosa
796 763 960 827 adlocutio
983 768 1042 828 est:
1069 786 1146 829 uam
1167 767 1322 830 interdurn
1344 767 1438 831 subti-

161 865 230 928 titer
253 867 286 928 et
309 865 373 929 sibi
396 864 536 929 consulit
560 866 618 930 sub
642 867 724 931 faeie
748 869 902 933 utilitatis
926 871 1064 954 Aeneae,
1086 876 1115 935 et
1135 893 1218 937 nune
1240 870 1333 952 irati,
1356 893 1439 937 nilne

160 972 289 1053 suppleo
311 973 385 1054 opit.
431 969 667 1037 ‘dissimulare’
691 979 799 1038 autem
823 974 909 1058 ideo,
938 997 975 1040 ao
1000 976 1028 1039 si
1050 976 1184 1043 diceret:
1211 979 1259 1042 ita
1286 1001 1354 1044 rem
1381 999 1474 1063 pus

162 1078 301 1142 dendam
329 1077 469 1162 cogitem,
497 1082 534 1143 ut
561 1101 633 1142 eam
665 1080 763 1145 fateri
794 1082 893 1164 nolis3
927 1104 1025 1164 supra
1057 1085 1143 1147 enim
1175 1084 1301 1150 dixerat
1332 1086 1439 1170 <290>

161 1207 258 1269 quae
281 1185 394 1249 rebus
419 1185 471 1250 sit
494 1208 608 1251 eausa
630 1189 819 1252 novandis
848 1188 1105 1255 dissimulent
1134 1197 1217 1272 ‘post
1243 1194 1324 1258 iilud
1348 1195 1439 1258 indu·

160 1293 209 1370 eit,
232 1294 314 1373 quod
334 1294 450 1357 dietum
467 1298 524 1376 est,
547 1296 684 1375 uiuerint
710 1297 852 1378 nenati
880 1297 1055 1379 taisnaium
1082 1297 1189 1382 <307>
1218 1297 1286 1364 ‘nee
1313 1305 1340 1365 te
1365 1302 1441 1364 data

159 1401 283 1463 dextera
304 1398 493 1481 quaau’:
516 1402 635 1483 aliqua
652 1423 712 1484 per
733 1403 858 1485 sinpulu
881 1405 946 1468 toea
968 1405 1153 1486 aperientur.
1226 1433 1353 1473 erarius
1373 1429 1439 1472 iria

161 1507 413 1570 tauroentum:
436 1506 490 1571 ioo
512 1509 785 1590 eniufrequenter
810 1511 910 1574 utitur
938 1511 1047 1595 <421>
1074 1513 1190 1577 solam
1216 1534 1300 1578 narn
1321 1515 1493 1596 persi-10

145 1615 227 1688 ,ἀπε
248 1615 316 1679 iiie
338 1619 369 1679 te
391 1615 508 1678 coiere
530 1621 559 1680 et
580 1616 657 1680 alibi
678 1616 745 1681 lius
772 1617 860 1682 otiu
887 1620 1042 1683 exuuias
1068 1619 1159 1684 inibi
1176 1620 1350 1701 perfidus
1372 1623 1441 1686 iile

160 1723 324 1804 reliquit.

250 1829 324 1893 306.
368 1855 462 1894 nuris
484 1829 556 1894 bene
577 1851 690 1896 ainans
712 1833 778 1896 eius
800 1853 888 1914 queen
911 1834 1039 1898 anatra
1060 1835 1223 1900 connitum
1240 1834 1441 1917 presuntionis

161 1932 283 2016 ‘nefas’
310 1937 398 2000 ituit.
479 1963 540 2002 nen
560 1963 713 2003 arenosas
732 1965 824 2003 ornan
851 1940 977 2005 tuendo
1013 1940 1111 2006 ‘mea'
1143 1943 1271 2007 stultum
1303 1944 1440 2022 ostendit,

159 2045 215 2125 qui
230 2044 459 2126 putantquod
479 2047 601 2110 amanti
621 2065 653 2110 se
669 2047 770 2128 possit
789 2047 952 2129 sabinae.
1461 2066 1493 2114 15

249 2153 324 2218 307.
361 2171 457 2233 niul
480 2171 645 2218 narrari
668 2154 782 2219 foedus
806 2155 1032 2220 amicitiarum.

249 2260 324 2325 308.
361 2285 417 2325 aaa
433 2286 585 2326 nourrius
605 2287 700 2327 resur
726 2267 755 2327 et
780 2263 908 2344 i⁴eliqna
953 2265 1102 2328 sonandus
1128 2264 1211 2329 nens
1237 2265 1444 2330 aeuisationis

160 2374 218 2433 est:
239 2369 339 2452 inopis
360 2369 443 2432 enirn
470 2389 580 2451 aupere
602 2371 755 2434 iniuriam
771 2390 839 2453 ‚non
857 2371 972 2453 potuit,
1000 2390 1094 2451 quam
1120 2372 1149 2435 si
1171 2392 1203 2437 se
1225 2369 1442 2457 (unitarum)

160 2477 331 2540 ostenderet.

250 2583 325 2648 309.
363 2608 436 2654 erin
452 2609 548 2648 surra
569 2581 679 2648 ‘innuo
702 2582 825 2668 etiarn',
853 2582 921 2649 ‘sed
947 2582 1106 2666 insper':
1134 2586 1188 2650 sed
1207 2585 1287 2666 forte
1313 2587 1440 2668 diffinite
1458 2602 1493 2650 20

160 2694 205 2755 est
226 2691 309 2772 quod
323 2696 409 2775 peta,
431 2692 525 2756 innuo
549 2693 630 2774 quod
651 2696 685 2756 tu
705 2691 787 2772 fares
811 2691 902 2774 ‘quin
921 2691 1029 2757 etiarn'
1048 2713 1143 2774 usque
1162 2692 1223 2758 ‘ire
1242 2715 1298 2776 per
1320 2693 1441 2759 attunn'.

225 2815 383 2863 Hmnnno
417 2816 544 2864 811>an
577 2821 643 2863 non
670 2799 776 2864 hieme
815 2800 871 2864 sed
903 2799 1036 2864 hiemali
1069 2799 1187 2865 sidere:
1221 2805 1277 2866 aut
1308 2806 1442 2886 propter

161 2905 247 2989 qnod
270 2906 318 2970 ait
341 2928 440 2990 supra
462 2906 549 2989 <52>
578 2906 662 2970 dum
690 2907 830 2992 pelago
859 2907 1038 2972 desaevit
1065 2908 1186 2972 hiems
1211 2913 1249 2974 et
1272 2931 1440 2994 aquosus

160 3010 286 3077 Orion.
342 3033 420 3097 ergo
449 3019 505 3078 aut
538 3013 726 3099 ‘tempore'‚
758 3019 795 3079 ut
830 3039 900 3101 quo
941 3016 1069 3081 sidere
1105 3019 1250 3080 terram
1287 3019 1441 3082 vertere

159 3117 377 3186 Maecenas:
402 3124 459 3185 aut
480 3143 515 3185 re
539 3143 615 3185 vera
639 3120 767 3186 ‘sidere’
790 3127 925 3207 propter
944 3122 1106 3188 Orionem.
1143 3128 1171 3186 et
1188 3123 1259 3188 tene
1282 3129 1437 3206 tempesta·
1458 3139 1492 3186 25

159 3228 199 3292 tis
225 3248 295 3292 aim
321 3229 474 3313 namna,
503 3232 557 3312 arri
583 3232 759 3314 uaritiapus
784 3237 924 3309 uenerat·
957 3237 986 3295 et
1011 3231 1061 3296 iiie
1088 3231 1153 3312 opit
1178 3232 1270 3311 arraei
1295 3252 1358 3296 non
1380 3252 1439 3296 sua

159 3354 254 3400 eausa
275 3356 345 3400 uren
367 3339 631 3422 renouarent,
653 3339 706 3403 sed
726 3339 821 3402 etiarn
847 3339 994 3403 utilitatis
1021 3338 1150 3402 Aeneae.
1204 3363 1362 3468 storius
1382 3345 1440 3403 aut

158 3462 265 3522 rnna,
288 3447 345 3507 aut
360 3464 469 3526 paru.
1070 3509 1078 3537 Ι

248 3549 322 3614 310.
359 3575 463 3615 nauus
483 3551 806 3634 nonironrsrsnnectia
831 3551 939 3630 danie,
969 3556 1005 3615 ut
1029 3572 1088 3634 per
1119 3552 1277 3633 aquilones
1308 3552 1436 3617 tenentem

232 3747 263 3796 11
283 3743 334 3796 has
353 3742 434 3814 olim]
454 3745 515 3799 buc.
535 3744 600 3800 Vlll
620 3752 652 3800 91
674 3747 683 3814 l
706 3751 740 3799 22
759 3762 814 3814 quo
833 3744 935 3816 sidere]
955 3762 1048 3816 georg.
1068 3747 1081 3799 Ι
1103 3753 1115 3799 1

230 3928 246 3976 2
264 3921 377 3977 falleres
396 3923 463 3977 satis
483 3939 548 3992 ergo
567 3922 717 3977 artificiosa
735 3923 877 3977 adlocutio
896 3926 940 3978 est
958 3923 989 3977 F
1008 3926 1017 3992 ΙΙ
1044 3929 1062 3976 4
1080 3921 1165 3992 facie]
1189 3920 1278 3991 speeie
1297 3922 1323 3976 L
1345 3924 1434 3993 (pecie

159 3995 191 4049 in
208 4010 263 4049 rus.
281 3995 301 4062 l)
319 3994 403 4049 facile
418 3995 501 4064 11119
521 3996 558 4048 ad
575 3995 679 4063 perfide
698 4011 773 4062 supr.
793 4011 859 4050 oeus.
876 3996 1014 4048 muliebre
1087 3993 1176 4047 utitur
1193 3993 1236 4063 ΤΙ]
1252 4000 1283 4046 13
1303 3997 1339 4048 ad
1358 3997 1435 4050 nefas

158 4082 234 4134 srtpr.
253 4081 320 4120 oeus.
340 4066 486 4120 eonsilium
505 4066 685 4135 profectionis
705 4066 781 4120 nefas
800 4067 918 4120 dixitl'
927 4069 936 4136 ΙΙ
952 4072 985 4119 14
1004 4068 1041 4120 aa
1059 4082 1122 4119 mea
1139 4082 1214 4133 supr.
1230 4082 1296 4119 eers.
1317 4066 1434 4121 dicendo

159 4154 252 4192 meam
265 4139 383 4191 stultum
398 4137 521 4191 ostendit
534 4139 581 4206 qui
596 4137 709 4207 putauit
722 4138 796 4206 quod
811 4143 950 4191 amantem
966 4138 1055 4206 possit
1065 4137 1207 4205 subripere
1220 4137 1263 4205 Tl
1279 4143 1310 4189 15
1322 4139 1434 4191 amandi

159 4208 214 4278 Fl
237 4225 267 4263 se
291 4210 381 4279 possit
403 4210 545 4292 subripere
563 4210 760 4280 Burnrannurn
777 4217 883 4263 secutus
901 4210 1013 4277 scripsi:
1031 4207 1121 4277 possit
1139 4209 1271 4277 abrepere
1291 4209 1321 4260 F
1345 4211 1435 4277 possit

158 4280 287 4350 abripere
305 4281 409 4335 Daniel
423 4297 533 4349 primns
555 4285 564 4348 ΙΙ
594 4285 625 4334 18
647 4280 810 4335 morituram
834 4283 950 4334 inseruit
968 4281 1151 4334 Burmannus
1172 4281 1182 4349 ΙΙ
1209 4286 1241 4333 21
1252 4279 1328 4347 quin
1347 4280 1434 4335 etiam

158 4351 276 4407 hiberno
294 4352 406 4406 Daniel.
433 4352 585 4420 qui'etiam
603 4351 720 4406 hiberno
739 4353 780 4405 vis
799 4352 839 4406 ire
857 4369 908 4421 per
926 4353 1014 4405 altum
1029 4368 1083 4420 pro
1103 4352 1168 4420 quin
1188 4353 1273 4404 etiam
1345 4351 1434 4405 altum

158 4425 229 4478 noui.
247 4425 430 4478 Burmannus
452 4425 462 4493 l
489 4429 524 4477 24
543 4440 609 4492 ergo
631 4422 742 4477 ‘sidere’
764 4428 813 4477 aut
830 4440 882 4492 pro
900 4425 1026 4491 tempore
1046 4425 1126 4492 eulpa
1148 4426 1157 4490 l
1181 4429 1214 4476 25
1234 4424 1271 4476 ad
1291 4440 1312 4474 r.
1333 4429 1383 4475 309
1402 4425 1434 4476 in

158 4512 243 4565 mura.
264 4498 294 4549 et
310 4496 380 4549 bene
401 4538 406 4547 .
428 4538 431 4548 .
454 4536 459 4548 .
479 4496 590 4548 Aeneae
613 4495 637 4547 T
647 4497 656 4564 ΙΙ
670 4496 853 4564 tempestates
872 4495 902 4547 F
913 4496 922 4563 l}
944 4501 977 4548 26
996 4495 1129 4548 admouet
1146 4494 1177 4548 F
1187 4496 1197 4562 l
1210 4492 1360 4561 naufragos
1379 4494 1409 4546 F
1424 4495 1434 4565 p

159 4567 217 4638 hie]
241 4568 294 4620 hoe
316 4567 421 4620 Daniel
440 4569 549 4635 primus
571 4571 581 4634 l
608 4573 641 4620 29
661 4569 698 4621 ad
716 4584 739 4619 u.
760 4573 812 4619 310
831 4567 863 4618 in
880 4583 965 4634 urrarp.
985 4568 1036 4619 aut
1053 4567 1120 4634 quia
1137 4564 1215 4619 uenti
1232 4564 1362 4636 initioyet
1380 4566 1433 4619 fine

159 4638 280 4707 amplius
299 4641 347 4707 (an
365 4638 482 4705 leniusl)
506 4637 576 4691 flant
598 4641 648 4691 aut
670 4638 768 4690 mediis
787 4637 964 4706 aquilonibus
983 4637 1076 4691 media
1094 4637 1185 4691 hieme
1205 4639 1254 4690 aut
1272 4636 1339 4705 quia
1356 4636 1433 4704 aqui·

158 4709 236 4763 lones
251 4726 284 4763 ex
298 4709 386 4763 africa
399 4710 599 4778 nauigantibus
613 4709 723 4764 aduersi
738 4710 803 4761 sunt
816 4709 848 4762 ut
862 4709 962 4762 mediis
977 4708 1147 4778 arcipiamus
1161 4722 1211 4777 pro
1220 4708 1433 4762 uehementibus

115 4788 122 4799 '
158 4782 189 4834 et
206 4798 256 4849 per
274 4781 363 4835 altum
382 4781 499 4835 dicendo
519 4781 702 4850 exaggerauit
717 4781 885 4835 sententiam
905 4780 1033 4849 quamuis
1051 4782 1147 4834 notum
1166 4783 1241 4833 esset
1258 4795 1365 4832 aenean
1382 4796 1434 4848 per

158 4851 247 4906 altum
266 4852 463 4922 nauigaturum
484 4852 510 4905 T
