3396 5422
234 370 301 435 482
628 416 637 433 ,
812 364 932 443 sanun

234 537 410 618 potestate:
434 538 467 597 et
486 533 525 599 ab
546 552 583 595 eo
604 530 688 616 quod
708 528 871 614 praecedit
889 528 920 592 id
941 527 1027 612 quod
1047 527 1200 611 sequitur.
1239 529 1300 607 [et]
1319 525 1442 589 dictum
1461 528 1513 589 est

235 663 255 705 a
273 640 424 723 comitiis,
442 640 477 703 in
496 638 613 723 quibus
631 637 747 702 iisdem
768 635 921 719 auspiciis
941 634 1051 719 creati,
1070 633 1147 698 licet
1165 655 1232 698 non
1252 632 1349 696 simul
1368 653 1512 696 crearen-

234 752 301 831 tur,
323 769 435 831 parem
457 750 569 811 tamen
591 745 759 811 habebant
781 744 937 808 honorem
961 746 1095 827 propter
1118 742 1228 807 eadem
1249 739 1405 825 auspicia:
1429 738 1513 802 unde

238 860 272 920 et
296 854 444 920 consules
467 875 561 937 pares
586 856 672 935 sunt,
695 874 767 917 cum
791 872 921 916 necesse
945 853 1031 915 essct
1054 853 1090 914 ut
1117 871 1199 914 unus
1227 848 1316 933 prior
1343 849 1516 912 crearetur.

200 976 216 1023 s
328 962 398 1025 103.
435 976 588 1025 enarum
613 977 759 1024 serviae
783 975 916 1022 annino
934 958 1113 1041 ebquenter,
1137 953 1339 1040 ἐμφατικῶς,
1363 975 1400 1018 ac
1419 954 1446 1019 si
1470 953 1515 1017 di·

237 1073 324 1132 ceret
353 1065 480 1132 ‘exuli’.
529 1088 593 1131 non
618 1066 700 1131 nulli
726 1070 829 1130 autem
855 1086 914 1147 per
944 1064 1106 1145 fallaciam
1138 1063 1273 1135 Iunonis
1299 1062 1413 1126 dictam
1440 1061 1517 1125 aoei-

231 1176 334 1258 piunt.
430 1199 536 1238 nom
555 1173 590 1236 id
611 1177 655 1236 est
675 1192 738 1235 non
760 1190 877 1235 necesse
898 1171 948 1248 sit,
970 1170 1023 1234 sed
1044 1171 1079 1233 in
1100 1169 1255 1234 uoluntate
1276 1170 1318 1234 sit
1335 1167 1517 1233 Didonissi
1559 1250 1568 1260 ,

236 1282 316 1364 vetit,
338 1286 492 1362 utsupra
515 1279 656 1362 ‘parrbrrs
678 1276 851 1360 auspiciis',
879 1299 943 1342 non
964 1277 1105 1359 imperio:
1128 1280 1229 1359 potest
1250 1277 1332 1340 enim
1354 1275 1517 1357 imperinm

232 1408 297 1470 par
327 1408 392 1451 uon
423 1407 498 1470 esse,
529 1407 598 1451 cnm
624 1386 797 1468 auspitium
819 1406 883 1467 par
909 1386 958 1449 sit.
1004 1385 1063 1448 alii
1095 1384 1242 1448 invidiose
1272 1384 1387 1447 dictum
1413 1381 1519 1445 notant

187 1511 220 1559 10
239 1493 346 1559 ‘taen
367 1493 502 1577 Pbrppio
524 1491 663 1572 marito’,
692 1494 726 1557 id
752 1497 796 1558 est
822 1494 876 1574 qui
904 1494 1000 1558 arctus
1027 1497 1085 1557 est:
1113 1497 1141 1557 et
1167 1513 1231 1555 non
1257 1493 1340 1556 discit
1366 1488 1518 1573 ‘nubere',

238 1604 291 1666 sed
313 1599 465 1666 ‘servire’.
509 1602 638 1682 qnidam
666 1598 809 1665 ‘servire’
836 1600 979 1664 dubitant
1005 1605 1111 1663 ntrnm
1138 1598 1306 1677 Didonem
1334 1620 1378 1663 an
1408 1596 1519 1680 Tyrios

237 1710 360 1775 dixerit.
406 1728 480 1772 sane
506 1706 555 1771 bie
583 1708 778 1790 coemptionis
805 1706 932 1788 speciem
960 1708 1067 1789 tanpit.
1117 1707 1260 1788 coanptio
1287 1707 1369 1770 enim
1397 1710 1441 1771 est
1466 1704 1519 1768 ubi

240 1817 320 1880 libra
344 1820 434 1897 atque
456 1836 507 1880 aes
530 1815 698 1891 adhibetur,
721 1819 750 1877 et
770 1814 883 1878 mittier
900 1819 990 1896 atqrre
1007 1816 1056 1878 uir
1073 1815 1154 1878 inter
1174 1834 1206 1878 se
1227 1814 1318 1895 quasi
1340 1813 1519 1894 emptionem

132 1940 135 1952 ·
237 1923 375 2003 facium:
398 1924 479 2003 quod
499 1923 547 1985 nit
568 1923 661 1985 etiam
684 1922 718 1984 in
735 1922 840 2002 primo
860 1922 1069 2003 peorpicornm
1088 1920 1174 2004 <31>
1198 1925 1299 2002 teque
1320 1920 1394 1984 sibi
1413 1941 1519 2002 pene·

188 2045 220 2113 rs
239 2051 319 2093 rum
344 2029 476 2111 Ttetps
498 2034 592 2092 emat
614 2027 780 2092 omnibns
802 2029 922 2095 uiridis.
974 2029 1121 2109 quoniam
1144 2028 1326 2108 coemptione
1347 2027 1432 2107 faeta
1454 2047 1519 2090 nen

240 2138 296 2201 tier
319 2138 354 2201 in
370 2139 549 2217 potestatem
571 2136 633 2198 oiri
659 2135 736 2198 cedit
763 2138 853 2215 atque
876 2135 920 2198 ita
947 2136 1076 2198 sustinet
1103 2134 1232 2216 [libers]
1256 2135 1459 2199 conditionem
1482 2134 1518 2198 ti-

240 2245 327 2309 berne
348 2243 510 2325 seraitntis,
528 2243 574 2304 ait
594 2241 701 2320 [en-im]
723 2239 827 2304 ‘liceat
844 2239 982 2324 Ptrppio
1000 2242 1113 2306 serrare
1130 2240 1260 2306 marito'
1279 2247 1308 2306 et
1324 2244 1361 2306 in
1375 2243 1522 2325 peorpicis

241 2349 458 2432 <130>uot
485 2348 625 2413 serviat
651 2347 785 2411 uttima
815 2347 938 2412 Thule.
983 2369 1099 2430 quoque
1127 2350 1227 2413 mnnis
1254 2350 1310 2413 iste
1336 2371 1402 2414 mos
1429 2370 1520 2414 ocem-

235 2459 356 2540 ptiom's
385 2461 414 2520 et
442 2457 521 2519 eitra
552 2456 688 2519 nomime
716 2457 974 2536 nrmnrpationem
1002 2456 1081 2520 dotis
1107 2457 1198 2520 datae
1225 2457 1381 2521 mantione
1403 2457 1521 2537 repedi-

188 2578 223 2626 10
241 2571 333 2643 retur,
355 2584 433 2647 qnae
455 2584 504 2626 res
526 2563 561 2626 in
583 2582 712 2625 manum
734 2563 889 2626 eminentie
912 2564 1039 2646 dicitnr,
1061 2563 1222 2628 subinnuit
1244 2561 1430 2644 ‘dotalesque
1452 2568 1522 2627 tuae

244 2673 355 2756 Tyrios
372 2671 549 2754 permittere
571 2667 718 2733 dentrae’.
755 2670 896 2751 quidest
917 2671 999 2734 enim
1021 2671 1110 2735 atiud
1132 2667 1354 2755 (permittere)
1373 2669 1517 2748 dentrae',

241 2801 335 2863 quam
357 2781 393 2844 in
414 2798 544 2842 manum
566 2776 745 2841 eonomire?
767 2797 845 2857 quae
867 2778 1021 2841 conuentic
1044 2798 1076 2841 eo
1099 2779 1164 2841 ritu
1181 2779 1357 2860 perficitur,
1380 2781 1416 2840 nt
1437 2797 1520 2858 aqua

242 2893 271 2951 et
291 2887 359 2969 ipai
381 2885 536 2967 adhibitis,
558 2883 674 2948 duobus
696 2884 843 2948 mammis
865 2885 1025 2967 eumentes,
1043 2890 1159 2948 natura
1177 2885 1339 2949 ooninmta
1356 2883 1522 2949 habeatur:

242 3015 320 3076 qnae
341 3014 389 3057 res
411 2994 454 3056 ad
473 2992 630 3072 innectas
652 2991 778 3070 mrptias
796 2991 940 3073 pertinet,
963 2991 1072 3072 quibus
1098 2992 1257 3072 flaminem
1280 2996 1308 3055 et
1328 2991 1523 3072 dominicam

190 3111 224 3160 25
243 3103 310 3166 iure
326 3100 485 3183 pontificio
503 3100 539 3163 in
561 3098 794 3162 matrimonium
816 3118 931 3163 neeesse
956 3103 1000 3164 est
1031 3100 1197 3164 eonoenire.
1241 3099 1397 3164 emmam
1423 3104 1525 3163 tamen

243 3210 279 3272 in
300 3207 357 3271 turc
379 3206 571 3271 concentione
593 3205 715 3269 Aeneae
737 3209 827 3286 ntqm
849 3203 986 3270 Didonis
1007 3206 1116 3288 abique
1144 3206 1313 3289 Verpdium
1335 3207 1370 3271 in
1387 3227 1522 3289 persona

244 3315 365 3380 Aeneae
386 3314 558 3396 flaminem
580 3314 616 3376 in
638 3312 774 3378 Didonis
795 3313 988 3394 dominicam
1005 3318 1212 3395 praesentire.

336 3421 408 3486 104.
444 3437 606 3484 Dornnns
631 3437 757 3484 melos
780 3420 923 3504 regalem
946 3420 1106 3503 spectavit
1130 3442 1310 3503 personam.
1381 3439 1524 3485 PERMIT-

246 3546 335 3594 rann
357 3545 522 3592 nnxrnnn
546 3526 639 3611 quasi
659 3524 720 3608 'per
744 3548 858 3589 manus
882 3526 1142 3592 conventionem:
1167 3527 1341 3592 secundum
1363 3527 1415 3591 ius
1438 3528 1525 3592 locu·

193 3648 227 3697 30
245 3641 299 3700 tus
323 3640 381 3699 est.

320 3763 332 3809 1
349 3759 378 3811 et
392 3762 454 3810 ante
468 3756 504 3809 ab
518 3772 551 3809 eo
570 3773 620 3808 orn¹
631 3755 661 3808 F
672 3757 682 3822 1
695 3753 824 3823 procedit
837 3755 863 3806 L
876 3757 885 3822 11
900 3755 1036 3826 sequitur]
1057 3755 1208 3824 requiritur
1222 3757 1256 3809 H
1265 3759 1275 3825 l
1289 3759 1318 3809 ct
1336 3762 1400 3811 ante
1418 3755 1525 3811 dictum

247 3846 297 3883 cnr.
314 3828 347 3880 N
349 3828 413 3880 LH
423 3830 433 3895 11
446 3828 560 3881 ductum
585 3827 736 3881 Vossianus
753 3826 914 3879 Burmanni
932 3832 956 3879 et
976 3827 1126 3881 Fabricius
1139 3829 1149 3895 11
1168 3834 1183 3880 2
1204 3827 1332 3881 comotiis
1353 3826 1403 3895 Fu
1416 3828 1526 3883 hisdem

248 3901 339 3969 1111111
358 3905 373 3952 5
391 3918 506 3952 eausam
527 3917 635 3951 sanvmn
654 3916 752 3950 1111110
772 3897 937 3964 eloquenter
957 3939 962 3950 .
983 3941 988 3951 .
1010 3940 1015 3952 .
1035 3901 1212 3968 praesentare
1231 3900 1330 3952 tabent
1351 3899 1376 3951 T
1390 3901 1422 3953 in
1440 3916 1525 3968 marp.

247 3988 307 4039 sap.
327 3976 351 4024 et
370 3971 570 4024 Ambrosianus
584 3973 593 4036 1
607 3968 741 4023 enfaticos
760 3968 825 4021 libri
838 3970 848 4037 11
867 3975 881 4021 1
902 3969 931 4021 id
949 3974 993 4023 est
1011 3987 1060 4023 om.
1082 3971 1205 4024 Ambros.
1220 3972 1260 4037 118
1279 3970 1362 4024 uellit
1379 3971 1502 4025 Ambros.
1518 3970 1527 4041 11

248 4048 264 4096 9
283 4042 394 4112 uolunt]
414 4041 517 4110 putant
535 4041 658 4094 Ambrae.
673 4040 683 4108 11
699 4046 731 4092 10
750 4039 869 4108 phrygio
889 4039 913 4094 .l.
934 4040 1034 4094 marito
1052 4041 1097 4110 Τ1
1111 4043 1140 4095 et
1153 4058 1203 4096 om.
1216 4041 1374 4096 FAmbros.
1388 4044 1398 4111 1
1414 4048 1445 4096 12
1461 4059 1526 4097 rane

248 4113 308 4184 hic]
328 4113 400 4167 hane
419 4113 484 4167 hine
504 4112 651 4180 Ambrosii
671 4117 703 4164 13
723 4109 808 4180 libra]
828 4108 932 4165 librata
951 4111 981 4164 F
996 4114 1005 4180 1
1023 4112 1096 4166 inter
1115 4129 1143 4166 se

248 4183 453 4252 coemptionem
472 4183 596 4237 Ambros.
615 4185 625 4251 l
652 4190 682 4235 14
701 4200 737 4235 an
755 4183 796 4235 oet
815 4181 856 4234 ait
874 4182 960 4263 etiam
978 4183 1020 4236 F:
1040 4183 1125 4237 etiam
1145 4112 1263 4238 lmaritee
1272 4113 1527 4240 Iiblhmhdibl'dslisei

248 4256 353 4309 Daniel
365 4257 375 4322 l
390 4261 422 4308 15
441 4254 528 4309 tethis
546 4255 571 4306 T
580 4255 590 4323 11
608 4262 638 4307 16
658 4253 798 4322 potestate
812 4253 872 4305 FT
884 4255 893 4322 11
906 4253 961 4336 ita]
980 4254 1031 4308 illa
1045 4254 1168 4309 Ambros.
1183 4257 1193 4325 l
1206 4255 1302 4310 liberis
1321 4273 1371 4312 om.
1385 4258 1507 4311 Ambros.
1518 4256 1527 4327 11

248 4326 355 4380 liberae
379 4326 516 4382 Ambros:
544 4325 627 4379 liberi
650 4325 722 4390 FT,
750 4341 914 4393 quamquam
936 4325 1018 4379 hberi
1043 4344 1106 4380 sem
1128 4328 1160 4380 in
1184 4344 1237 4382 ras.
1260 4328 1291 4381 T.
1320 4333 1435 4382 ceterum
1457 4329 1529 4398 qnod

250 4397 373 4452 Ambros.
390 4399 503 4466 praebet
520 4399 591 4452 idem
612 4397 740 4449 Pithoeus
759 4397 871 4449 coniecit
890 4398 927 4450 ad
945 4399 1013 4464 ‚cord⁴
1033 4400 1074 4466 lep
1099 4399 1215 4452 Mosaic.
1232 4400 1272 4452 tit.
1288 4399 1353 4453 XVI
1371 4402 1381 4468 1
1401 4406 1434 4453 11
1454 4399 1529 4452 enim

249 4470 354 4523 seclusi.
388 4467 480 4522 ethic
500 4469 535 4523 F.
552 4469 701 4523 Sebaettius
719 4468 729 4535 11
749 4469 777 4521 et
795 4466 823 4521 in
842 4467 991 4538 georgicis]
1012 4472 1040 4522 et
1058 4468 1128 4522 alibi
1149 4471 1199 4538 T!
1223 4476 1256 4524 18
1275 4470 1354 4538 thyle
1373 4471 1433 4524 FT
1459 4469 1529 4524 thile

249 4542 375 4595 Ambros.
389 4541 447 4609 1110
466 4540 610 4609 subiungit
628 4540 751 4592 Ambros.
767 4539 823 4606 1121
843 4538 1005 4607 permittere
1024 4541 1133 4594 addidit
1151 4541 1329 4612 Mauricius!
1347 4548 1381 4595 23
1401 4541 1528 4596 adhibito

250 4613 373 4665 Ambros.
388 4614 398 4679 11
411 4612 524 4682 natura]
543 4614 575 4665 111
593 4613 693 4664 natura
709 4611 734 4662 Τ
744 4611 754 4679 11
773 4617 806 4662 24
821 4611 969 4682 farreatas]
987 4611 1129 4665 faciendas
1143 4612 1267 4667 Ambrae.
1282 4614 1292 4682 1
1310 4620 1344 4667 15
1359 4612 1529 4668 matronium

250 4683 280 4735 F
296 4684 306 4751 l
329 4681 475 4737 convenire
499 4699 610 4737 necesse
635 4684 678 4737 est
696 4683 820 4736 Ambrae.
840 4684 850 4749 11
870 4689 903 4736 27
923 4681 952 4735 in
970 4699 1020 4737 om.
1040 4685 1164 4737 Ambros.
1183 4684 1193 4752 1
1214 4689 1247 4738 28
1266 4683 1374 4753 regiam
1393 4683 1448 4752 Fu
1467 4690 1530 4738 ante

251 4753 390 4822 spectavit
408 4755 488 4808 duar.
509 4755 622 4807 litterar.
642 4770 696 4807 ras.
712 4755 743 4806 in
757 4753 894 4821 111119
913 4754 975 4824 per]
994 4771 1044 4823 per
1061 4755 1091 4807 in
1110 4756 1179 4809 coni.
1191 4754 1266 4809 Lion
1278 4757 1289 4825 1
1303 4754 1528 4828 conventionem]

252 4824 428 4894 coeptionem
449 4824 479 4877 F
504 4823 728 4880 coniunctionem
746 4824 902 4893 Stephanus
915 4826 925 4894 1
938 4824 981 4879 ias
999 4842 1049 4879 om.
1069 4826 1100 4879 F
