3396 5422
269 367 335 431 520
845 365 966 421 snavn

265 532 430 614 siquifieet:
453 537 509 596 aut
530 533 612 613 qrrod
633 532 791 613 aquilones
812 551 849 595 eor
871 530 986 611 Africo
1008 529 1225 613 mammantibus
1246 529 1367 594 aduersi
1389 533 1469 594 sunt.

266 665 321 703 nna
339 665 442 704 uteru
467 640 655 704 exacerbavit
676 640 857 703 sententiam
882 637 949 719 ‘per
971 637 1085 703 attum'
1109 639 1250 703 diemde:
1277 638 1418 719 quamuis
1439 641 1546 701 notum

266 750 341 809 esset
362 747 500 810 Aeneam
519 768 575 829 per
597 749 696 811 abtum
718 747 946 828 rmoiaaturum.

355 854 430 918 311.
467 870 639 918 cavnuuls
664 853 764 916 etiam
786 853 820 917 in
842 856 875 916 te
899 852 972 917 odio
996 853 1068 917 mei.
1110 853 1156 916 sio
1174 851 1324 916 Lucanus
1349 850 1389 914 de
1408 849 1545 916 Caesare

231 958 318 1041 5<V
333 961 419 1044 687>
443 961 610 1025 saevitia
632 964 691 1024 est
713 960 885 1024 voluisse
908 961 1013 1024 mori.
1073 985 1152 1024 nuni
1174 984 1283 1031 norrun
1305 959 1423 1037 blande,
1439 960 1546 1040 qnam:

264 1066 338 1131 baee
360 1068 426 1130 iam
449 1072 504 1131 tuo
525 1072 605 1132 snut.
695 1084 885 1144 nouosque
915 1083 1065 1132 louorns
1095 1089 1132 1131 ao
1160 1067 1188 1131 si
1216 1066 1350 1131 diceret:
1381 1063 1545 1150 Carthago

267 1175 332 1238 iam
354 1175 416 1239 tibi
439 1178 518 1239 nota
541 1179 607 1258 est,
629 1174 707 1238 lieet
731 1177 764 1237 et
785 1174 839 1238 hie
863 1173 970 1238 aliena
993 1175 1060 1239 sint
1083 1197 1169 1239 arva.
1215 1179 1251 1253 et,
1273 1195 1312 1238 ne
1332 1174 1412 1254 forte
1429 1173 1484 1238 boe
1501 1195 1545 1238 re-

265 1283 424 1363 sponderet
450 1281 588 1347 Aeneas:
629 1283 733 1346 atiena
760 1283 824 1346 sint
855 1302 945 1361 arua,
977 1284 1044 1346 ideo
1075 1282 1187 1346 adierit
1220 1279 1397 1362 ‘domosque
1426 1282 1548 1362 innotus

260 1387 403 1469 peteres'.
425 1391 478 1454 sed
499 1410 629 1471 mquam
651 1395 696 1454 est
718 1395 745 1454 te
766 1389 815 1455 bio
837 1410 906 1468 esse,
929 1395 958 1454 et
974 1410 1037 1454 uon
1055 1391 1090 1454 in
1113 1394 1163 1453 tuo
1181 1409 1282 1471 renuo.
1320 1389 1409 1469 [qnid
1424 1389 1467 1452 sit
1482 1408 1547 1452 non

216 1510 248 1556 10
266 1516 345 1558 aruo
367 1496 472 1560 atierm
494 1498 655 1578 domosque
677 1498 799 1580 innotos
815 1499 953 1579 peteres}

355 1602 429 1666 311.
468 1621 572 1669 raom
597 1621 753 1680 nunrovs
776 1621 943 1667 ninnium
970 1603 1016 1668 oet
1037 1603 1166 1680 nobilia
1194 1603 1240 1667 ret
1266 1603 1323 1666 itta
1351 1607 1406 1666 tua
1427 1602 1546 1685 patrm,

154 1766 157 1770 ,
246 1728 359 1792 'quam
385 1712 467 1777 dotes
493 1713 650 1776 amissam.
697 1716 729 1775 et
762 1711 853 1776 deest
881 1710 955 1775 ‘si'z
983 1714 1017 1775 et
1050 1709 1143 1795 quasi
1170 1732 1227 1794 per
1255 1710 1547 1794 interrogationem

267 1819 520 1904 intellegendum
539 1824 598 1884 est:
626 1820 748 1884 etiamsi
772 1819 868 1883 Troia
890 1824 997 1898 staret,
1020 1839 1077 1900 per
1097 1818 1225 1882 biemem
1254 1818 1351 1888 Troia
1370 1817 1546 1901 peteretur?

355 1927 430 1991 314.
467 1945 562 1992 uuum
588 1944 689 1992 rvsls
718 1927 822 1994 adhue
853 1932 964 2012 aperte
995 1949 1062 1991 non
1095 1926 1165 1990 vult
1195 1924 1356 2009 imputare
1383 1925 1549 2008 beneficia,

167 2095 168 2098 ,
216 2045 248 2093 15
268 2033 351 2097 sieut
381 2035 482 2118 paulo
513 2038 590 2118 post
616 2035 696 2116 faeit
725 2035 820 2100 irata.
864 2039 892 2098 et
925 2039 969 2099 est
1001 2034 1184 2099 intellectus:
1218 2033 1272 2113 fae
1304 2053 1367 2096 uon
1396 2052 1458 2097 esse
1489 2053 1548 2096 uu-

265 2141 372 2205 dosum
409 2161 535 2222 aequor,
568 2162 699 2222 aequum
730 2147 774 2207 est
799 2147 835 2206 ut
860 2163 908 2206 me
936 2142 1064 2225 funins?
1097 2146 1126 2205 et
1151 2123 1309 2224 paritatim
1336 2140 1486 2205 deseenrbt
1506 2140 1551 2203 ad

260 2268 379 2329 preces:
403 2269 479 2311 uam
500 2249 642 2329 seqnitur
665 2247 734 2330 ‘per
760 2270 812 2332 eqo
839 2249 896 2314 bas
923 2249 1069 2314 mmmas
1091 2250 1288 2329 dextramque
1311 2252 1397 2311 tuam
1420 2245 1479 2311 te':
1501 2247 1548 2312 oei

261 2375 320 2437 per
347 2355 536 2438 aurmitiam,
562 2355 608 2418 oet
631 2376 687 2437 per
714 2357 864 2419 virtatem.
910 2360 939 2419 et
965 2355 1036 2419 bene
1062 2356 1166 2419 uirum
1190 2355 1302 2436 fortem
1323 2375 1382 2436 per
1408 2356 1547 2419 aternam

266 2462 401 2525 adiurat.
479 2488 534 2526 nnn
552 2488 608 2527 noo
626 2487 684 2526 nus
702 2488 847 2526 ansuinus
870 2463 944 2526 bueo
965 2467 994 2526 ei
1015 2463 1109 2526 meam
1132 2462 1243 2544 epiboyi
1258 2468 1392 2544 possunt
1408 2462 1548 2527 obtinere.

214 2579 249 2628 20
267 2574 374 2634 eontra
396 2569 476 2633 ittera
496 2590 565 2633 uero
590 2567 653 2633 ‘dte’
671 2590 718 2634 me
736 2568 904 2651 expellunt'
928 2571 1016 2634 aaa
1035 2570 1115 2634 nibil
1128 2570 1233 2652 potnit
1249 2570 1361 2634 duero:
1385 2590 1448 2634 non
1465 2571 1548 2634 euim

266 2677 412 2741 andierat
433 2676 496 2741 boe.
541 2678 594 2741 sect
609 2682 718 2758 posteo
735 2678 890 2759 respondit
911 2677 1019 2761 <379>
1047 2678 1190 2742 seitieet
1215 2678 1248 2742 is
1273 2679 1418 2760 superis
1445 2677 1547 2741 tabor

266 2788 331 2861 est,
354 2804 395 2847 ea
417 2804 507 2848 eitra
530 2785 671 2865 quietos
693 2784 886 2849 sollicitat.
931 2786 984 2849 sect
1009 2784 1059 2849 bie
1085 2805 1196 2849 rursus
1217 2786 1297 2849 redit
1319 2786 1362 2849 aet
1383 2785 1546 2866 exprobra-

267 2892 381 2955 tionem
405 2891 540 2972 beneficii
563 2889 606 2955 ‘te
623 2897 750 2974 proptu
772 2892 904 2975 Libycae
922 2898 1024 2975 oenus
1042 2893 1279 2974 Nomadumque
1298 2893 1425 2975 tmanni
1442 2894 1546 2957 odere:

266 2998 381 3078 infensi
406 2998 495 3080 Tyrii
522 3003 549 3062 te
570 3005 698 3081 proptu
725 2999 873 3064 eundem’.
922 2999 972 3064 bie
998 3003 1055 3063 aut
1077 3000 1317 3065 inconstantiam
1340 3001 1477 3065 amantis
1498 3021 1546 3064 ee-

212 3115 246 3163 11
260 3107 389 3187 pressit:
412 3110 467 3168 ont
489 3106 564 3187 quia
587 3107 621 3170 iu
643 3127 738 3171 eausa
760 3106 842 3172 nibil
858 3108 1016 3189 potentius
1039 3109 1212 3190 enatando
1234 3109 1330 3190 eoepit
1352 3109 1396 3172 ibi
1418 3108 1514 3172 desiit.

353 3213 427 3277 315.
463 3230 564 3277 Numi
588 3231 665 3278 n’sn
693 3231 837 3292 RELIQVI
865 3215 919 3280 boe
945 3221 989 3281 est
1016 3239 1083 3281 non
1109 3215 1279 3300 pudorem,
1308 3237 1374 3280 non
1402 3236 1547 3300 regnum.

264 3324 292 3384 et
312 3324 356 3384 est
377 3340 498 3385 sensus:
525 3321 658 3385 sienim
680 3322 802 3403 aliquid
826 3343 975 3404 spermes,
1013 3324 1142 3388 retinere
1172 3327 1199 3386 te
1226 3342 1362 3405 possem;
1395 3323 1448 3386 sed
1477 3341 1548 3385 eon-

265 3428 374 3491 temuis
396 3447 453 3510 me,
476 3428 550 3508 quia
574 3427 629 3491 tibi
651 3428 690 3492 ab
712 3429 804 3494 initio
827 3435 937 3494 anneta
959 3432 1098 3495 mneessi.

354 3535 427 3599 316.
465 3552 636 3601 lucnpros
664 3554 877 3603 Hrunuuuos
910 3537 964 3621 qui
999 3539 1144 3602 novitate
1178 3541 1253 3601 sunt
1285 3535 1402 3601 dulces.
1447 3540 1476 3599 et
1502 3535 1548 3599 bis

213 3657 247 3705 30
266 3645 345 3707 ubire
368 3644 455 3707 dririt.

354 3751 428 3814 318.
464 3766 582 3815 nuncu
609 3769 709 3815 uuvu
737 3752 821 3835 tegit
851 3774 919 3815 rem
943 3752 1158 3816 inhonestam.
1207 3753 1253 3816 sio
1283 3751 1454 3816 Terentius
1482 3772 1547 3815 seu

337 3987 370 4033 31
391 3977 550 4050 Terentius]
569 3980 654 4045 Andr.
673 3981 685 4034 I
704 3987 729 4050 5,
750 3986 784 4034 59

337 4200 353 4248 1
372 4193 550 4249 exaceruauit
568 4194 623 4265 Fu
645 4202 661 4249 3
681 4213 803 4251 eaenean
822 4195 876 4266 Fu
900 4203 914 4250 7
934 4195 987 4249 tibi
1006 4212 1055 4251 om.
1077 4198 1115 4250 M
1135 4200 1144 4267 t
1166 4197 1233 4251 lieet
1253 4239 1258 4251 .
1281 4241 1286 4253 .
1308 4195 1547 4265 ,arvaom.F1,

265 4265 444 4335 responderit
459 4264 495 4334 F,
514 4283 582 4320 corr.
602 4268 705 4322 Daniel
722 4270 732 4337 b
751 4272 767 4321 8
787 4267 854 4338 sint]
875 4270 940 4322 sunt
960 4268 1115 4322 Masoieius
1132 4272 1142 4339 ΙΙ
1166 4274 1182 4322 9
1201 4268 1270 4337 qnid
1290 4270 1328 4323 sit
1346 4269 1425 4337 (quid
1444 4268 1468 4322 si
1486 4268 1547 4322 Da·

265 4340 331 4405 niet)
351 4381 394 4392 ...
414 4341 524 4406 peteres
542 4339 649 4392 seclusit
670 4341 824 4393 Musoieius
837 4342 847 4409 t
864 4345 893 4393 11
915 4340 951 4393 ud
969 4340 1085 4408 antiqua
1103 4358 1180 4409 supr.
1200 4358 1267 4395 bers.
1287 4340 1390 4396 nobilis
1413 4340 1437 4392 Τ
1447 4343 1456 4410 ΙΙ
1469 4357 1546 4409 supr.

265 4426 332 4463 oers.
343 4415 394 4462 313
413 4408 479 4462 talis
494 4413 537 4462 ost
554 4426 650 4463 sensus
669 4413 698 4464 et
716 4410 740 4464 si
757 4410 832 4464 troia
849 4411 966 4479 antiqua
984 4413 1112 4466 maiieret
1130 4414 1273 4481 peteretur
1293 4429 1342 4481 per
1362 4412 1485 4465 hiemem
1503 4411 1529 4464 Τ
1539 4410 1549 4482 t

267 4487 301 4533 11
319 4481 469 4549 impetrare
488 4481 587 4550 111117
607 4481 820 4550 dextramquam
837 4484 888 4536 tua
902 4481 932 4534 F
950 4484 960 4551 11
982 4483 1019 4536 arb
1038 4484 1219 4552 dextramque
1239 4486 1317 4537 tuam
1336 4487 1364 4537 te
1384 4500 1459 4552 supr.
1478 4498 1547 4538 vers.

267 4556 343 4606 reete
362 4551 452 4605 uirum
472 4552 574 4605 fortem
597 4569 647 4620 per
670 4553 812 4607 dexteram
836 4553 948 4607 adiurat
969 4554 994 4606 Τ
1012 4557 1022 4622 ΙΙ
1051 4560 1082 4608 19
1102 4555 1139 4608 ad
1157 4572 1181 4610 o.
1202 4561 1254 4607 314
1273 4557 1304 4608 iu
1322 4571 1407 4622 νηανρ.
1427 4555 1497 4608 haec
1517 4554 1547 4607 et

269 4623 360 4676 uicem
434 4622 536 4677 infensi
554 4622 621 4691 tyrii
639 4626 691 4678 etc.
714 4624 758 4693 ΤΙΙ
772 4625 875 4694 epilogi
895 4624 946 4693 Fu
959 4632 993 4678 10
1013 4627 1041 4678 di
1060 4643 1104 4679 me
1127 4626 1151 4678 Τ
1175 4643 1219 4679 me
1239 4625 1279 4679 dii
1297 4627 1402 4679 Daniel
1417 4626 1526 4693 primus
1540 4626 1549 4687 11

269 4694 342 4747 enim
362 4711 411 4748 oni.
435 4693 459 4745 Τ
469 4697 479 4763 ΙΙ
493 4701 524 4748 11
545 4694 581 4764 is]
601 4694 644 4747 his
665 4694 694 4746 F
721 4697 763 4748 dis
786 4696 811 4748 Τ
820 4698 830 4765 ΙΙ
844 4702 877 4749 11
897 4697 1123 4766 exprobationem
1146 4697 1190 4765 ΤΙΙ
1205 4704 1238 4750 13
1258 4697 1339 4750 edere
1359 4696 1390 4749 F
1401 4699 1410 4765 ΙΙ
1431 4703 1463 4750 17
1483 4714 1547 4750 con-

268 4765 390 4834 tempnis
411 4765 441 4816 F
451 4767 461 4833 ΙΙ
480 4772 513 4818 18
533 4768 669 4819 concessit
689 4766 718 4818 F
729 4767 738 4835 ΙΙ
757 4773 791 4820 19
809 4767 858 4835 qui
876 4768 938 4836 ipsa
955 4768 1082 4822 nouitate
1103 4769 1138 4820 M
1157 4774 1181 4820 et
1199 4784 1274 4837 supr.
1294 4784 1360 4822 vers.
1380 4768 1468 4837 tubis
1488 4768 1547 4822 Da·

268 4839 337 4890 utel:
356 4836 400 4890 his
419 4837 448 4889 F
460 4840 469 4907 fl
489 4844 521 4890 31
542 4837 614 4906 tegit
633 4836 744 4891 Fau.-
762 4838 859 4908 tetigit
877 4839 945 4891 LM
