3396 5422
289 362 382 418 XVIII
820 363 1035 419 PRAEFATIO.

289 527 421 591 modum
443 548 509 592 non
531 528 645 610 tenuit,
667 527 715 591 ita
733 527 836 592 Servii
860 528 1124 593 consuetudinem
1147 529 1318 593 nonsatis
1341 533 1491 594 accurate
1510 531 1565 594 ob

289 634 439 698 servavit.
490 635 575 719 quod
603 639 641 698 ut
669 634 826 718 exemplis
850 635 1053 719 confirmem,
1086 633 1217 700 Servius
1240 656 1315 700 10110
1338 636 1565 701 coniunctione

287 739 450 806 interdum
472 765 549 806 usus
573 745 632 824 est,
655 746 753 826 atque
780 743 828 806 ita
850 749 889 807 ut
911 765 962 807 res
987 743 1240 826 adiungerentur
1263 765 1344 827 quae
1367 765 1433 807 non
1454 744 1565 829 negle·

216 834 220 839 ¹
287 847 411 930 gendae
435 849 641 931 videbantur,
671 849 773 914 veluti
796 872 828 933 p.
852 851 881 931 7,
904 851 961 932 23,
1000 851 1050 932 14,
1074 850 1109 932 8,
1139 850 1197 931 40,
1223 850 1263 913 10
1286 853 1320 913 01
1346 850 1399 935 19,
1430 851 1489 933 48,
1515 852 1565 915 19.

285 954 439 1018 nimirum
462 955 620 1040 distingui
643 956 747 1021 voluit
766 958 946 1022 orationem
969 978 1073 1041 neque
1097 955 1163 1021 ‘et'
1188 955 1328 1020 ‘autem'
1352 956 1493 1022 ‘tamen’
1516 959 1564 1021 ni-

286 1062 387 1126 mium
410 1064 532 1127 iterari.
568 1086 644 1128 nam
663 1064 755 1128 verbi
774 1065 882 1148 gratia
904 1065 990 1129 inter
1013 1063 1197 1128 ‘sciendum
1221 1063 1313 1128 sane'
1338 1067 1371 1128 et
1393 1063 1563 1129 ε0110101-

285 1168 378 1232 dum'
406 1170 457 1234 vel
486 1168 669 1235 ‘sciendum
693 1171 820 1236 autem'
849 1171 900 1236 vel
928 1170 1113 1235 ‘sciendum
1142 1169 1269 1234 tamen'
1298 1170 1375 1254 quid
1402 1171 1561 1235 interest?

285 1280 398 1341 contra
421 1276 576 1360 plenioris
600 1278 824 1342 commentarii
849 1282 960 1342 auctor
983 1277 1048 1341 dici
1071 1277 1126 1342 vix
1144 1281 1255 1360 potest
1274 1282 1430 1361 quantum
1450 1301 1561 1362 quam·

157 1432 161 1438 .
285 1405 347 1465 que
375 1384 511 1448 moleste
538 1405 614 1449 1010
640 1385 722 1449 illud
751 1385 792 1448 ad
821 1371 923 1451 novas
951 1385 1237 1469 interpretationes
1262 1383 1425 1449 Servianis
1452 1386 1561 1450 adiun-

284 1491 406 1573 gendas
428 1491 698 1576 frequentaverit:
722 1513 804 1576 quae
827 1492 1025 1576 vituperatio
1045 1513 1159 1556 vereor
1183 1497 1220 1555 ut
1238 1491 1377 1556 multum
1395 1492 1561 1556 minuatur

284 1598 312 1661 si
336 1598 407 1682 quis
431 1598 559 1682 aliquot
581 1599 661 1663 locis
685 1598 945 1664 coniunctionem
968 1599 1058 1662 illam
1082 1599 1123 1663 ad
1143 1597 1281 1682 Vergilii
1304 1599 1404 1663 verba
1426 1600 1465 1663 de
1488 1600 1559 1684 qui-

253 1722 256 1726 ‘
281 1704 342 1768 bus
366 1704 566 1789 explicandis
586 1706 696 1790 agitur
714 1705 915 1770 referendam
935 1728 1006 1771 esse
1025 1705 1154 1787 dixerit,
1178 1707 1215 1768 ut
1233 1727 1325 1768 suam
1343 1706 1410 1769 vim
1428 1706 1558 1789 habeat,

281 1811 314 1875 id
338 1817 388 1876 est
410 1817 447 1876 ut
469 1812 552 1876 bene
576 1834 611 1876 se
630 1811 749 1876 habere
769 1834 851 1896 quae
869 1818 967 1896 poeta
985 1812 1153 1895 scripserit
1171 1811 1386 1878 confirmetur.
1415 1817 1557 1878 ceterum

280 1919 391 2001 paucis
425 1920 505 1982 locis
536 1939 611 1982 sane
639 1917 759 2000 delevi,
786 1917 888 1981 veluti
911 1916 991 1981 Aen.
1015 1917 1046 1980 V
1073 1918 1149 1998 144,
1180 1915 1236 1980 ubi
1259 1917 1339 1981 haec
1361 1924 1413 1982 est
1435 1917 1556 1983 Floria-

280 2026 385 2089 censis
408 2026 566 2090 memoria
590 2047 707 2090 111100
726 2044 784 2106 pro
808 2022 984 2107 ‘siparum’
1007 2045 1082 2089 1000
1101 2025 1195 2088 dicit.
1231 2044 1307 2089 sone
1327 2029 1358 2088 et
1378 2024 1433 2089 100
1454 2026 1556 2090 celcri-

280 2133 354 2196 tatis
376 2138 435 2197 est:
459 2133 566 2214 plures
588 2135 671 2198 enim
693 2154 724 2198 sc
745 2133 930 2215 dormiunt,
956 2153 972 2196 e
996 2132 1113 2217 quibus
1137 2131 1217 2195 haec
1235 2135 1364 2196 tantum
1386 2132 1548 2197 011100...

277 2241 451 2322 impediunt
471 2241 599 2325 vulgati
622 2239 701 2305 libri
724 2240 854 2305 habent.
891 2262 968 2304 nam
991 2239 1031 2303 de
1053 2237 1283 2323 intellegendis
1306 2243 1422 2323 poetae
1445 2240 1553 2304 verbis

278 2345 359 2411 adeo
382 2368 448 2411 non
472 2349 678 2413 consentiunt
700 2349 764 2413 duo
788 2348 838 2411 illi
861 2347 1068 2433 grammatici
1092 2368 1229 2430 quorum
1253 2345 1378 2411 scholia
1397 2349 1555 2432 congluti-

277 2457 357 2517 nata
379 2459 468 2537 sunt,
496 2459 533 2518 ut
554 2455 732 2520 1000111111
755 2477 888 2538 prorsus
912 2455 1058 2538 ineptum
1083 2453 1140 2517 sit:
1173 2453 1257 2516 alter
1281 2454 1368 2517 enim
1392 2452 1554 2540 ‘biiugum

277 2561 456 2626 certamen'
481 2568 567 2628 recte
592 2563 685 2627 docet
712 2584 783 2626 esse
807 2561 972 2646 ‘bigarum
997 2558 1185 2643 certamen',
1218 2559 1302 2623 alter
1326 2560 1465 2625 absurde
1489 2561 1554 2626 ‘bi-

274 2689 392 2732 norum
411 2690 562 2733 curruum
582 2668 769 2733 certamen'.
805 2672 975 2753 praeterea
993 2665 1187 2731 monendum
1206 2686 1276 2730 0110
1296 2666 1388 2732 video
1404 2667 1552 2734 Servium
1620 2669 1625 2677 ’

274 2774 331 2838 ubi
364 2775 403 2838 de
426 2774 567 2856 Vergilii
599 2775 707 2839 verbis
740 2773 990 2858 interpretandis
1020 2776 1077 2837 aut
1104 2772 1144 2835 de
1171 2771 1238 2834 alia
1264 2793 1298 2834 re
1325 2773 1491 2839 dubitaret
1519 2781 1553 2839 et

274 2878 381 2962 ipsum
406 2882 534 2965 quidem
558 2880 625 2945 ‘vel
649 2880 751 2946 certe’
775 2882 826 2944 vel
850 2879 923 2944 ‘aut
946 2878 1047 2944 certe'
1071 2877 1233 2962 posuisse,
1263 2879 1318 2942 sed
1346 2882 1551 2963 paucissimis

273 2984 354 3050 locis
378 2988 521 3072 exceptis
535 2986 579 3072 (p.
597 2988 669 3070 125,
686 2988 740 3069 14,
766 2988 838 3071 127,
857 2985 910 3070 11)
929 2986 985 3068 111,
1003 2988 1041 3049 11
1060 2983 1149 3049 ‘aut'
1168 2982 1219 3048 vel
1240 2982 1325 3048 ‘vel'
1343 2988 1550 3068 praecederet

273 3088 318 3175 (p.
341 3092 394 3174 96,
417 3093 437 3157 9
462 3097 496 3157 01
521 3094 575 3178 14,
601 3093 673 3176 105,
696 3094 753 3176 233
779 3093 857 3176 122,
883 3094 938 3177 10;
964 3092 1039 3175 123,
1066 3091 1120 3176 18,
1147 3090 1223 3171 131,
1249 3090 1303 3173 19,
1331 3093 1406 3177 176,
1429 3090 1475 3178 4).
1520 3096 1549 3160 11

272 3199 328 3281 qui
351 3199 530 3283 pleniorem
554 3200 823 3265 commentarium
846 3198 1031 3282 composuit
1054 3219 1127 3261 eam
1149 3218 1218 3260 rem
1241 3219 1306 3261 non
1330 3201 1469 3285 curavit,
1493 3202 1549 3267 sed

156 3338 160 3344 ·
272 3300 346 3368 ‘aut
368 3304 471 3369 certe'
495 3309 528 3370 et
551 3304 619 3370 ‘vel
639 3304 742 3370 certe'
767 3305 957 3388 saepissime
981 3303 1135 3368 addendis
1157 3302 1319 3387 praefixit,
1342 3307 1471 3371 etiamsi
1494 3330 1548 3372 ne-

271 3431 332 3492 que
356 3410 445 3475 ‘aut'
468 3433 571 3497 neque
596 3411 680 3477 ‘vel'
703 3413 737 3476 in
760 3412 896 3497 vulgato
920 3411 1044 3476 scholio
1067 3411 1245 3475 invenerat.

117 3504 250 3600 fflffssssj
359 3517 411 3582 Ea
423 3519 607 3603 pleniorum
621 3519 778 3584 librorum
793 3518 919 3583 scholia
938 3539 1019 3602 quae
1034 3517 1075 3581 ad
1088 3516 1228 3601 Vergilii
1246 3519 1353 3602 verba,
1370 3520 1409 3585 de
1429 3521 1546 3605 quibus

108 3611 251 3706 ffffinffi
270 3624 303 3685 11
331 3623 533 3691 brevioribus
557 3627 650 3691 libris
674 3626 757 3690 nihil
781 3626 974 3690 adnotatum
997 3627 1055 3707 est,
1078 3623 1245 3707 pertinent
1268 3647 1347 3689 num
1373 3626 1452 3691 olim
1474 3627 1547 3693 Ser·

183 3783 250 3812 m,
268 3730 357 3793 viani
385 3732 610 3797 commentarii
637 3732 759 3797 fuerint
786 3754 853 3796 non
875 3731 1002 3796 videtur
1030 3729 1126 3794 aliter
1149 3729 1320 3795 diiudicari
1342 3755 1453 3818 posse,
1480 3734 1545 3798 nisi

108 3825 251 3921 ,ssgffiffi
267 3836 315 3899 ita
337 3840 375 3900 ut
397 3837 538 3919 primum
561 3842 736 3924 quaeratur
757 3858 835 3902 num
858 3837 1062 3920 reperiantur
1084 3836 1171 3900 11101
1194 3858 1231 3900 01
1255 3859 1337 3920 quae
1356 3839 1480 3904 idoneis
1505 3840 1544 3903 de
1659 3852 1666 3864 ‘

267 3942 373 4007 causis
397 3943 437 4006 ad
461 3943 543 4009 alios
566 3945 761 4028 interpretes
784 3944 930 4008 revocari
954 3942 1094 4027 possint,
1128 3943 1241 4009 deinde
1276 3944 1435 4010 brevioris
1459 3966 1544 4009 com-

267 4049 420 4113 mentarii
442 4051 585 4115 rationes
609 4053 814 4135 exponantur
836 4052 960 4115 etcum
980 4048 1208 4115 additiciorum
1228 4050 1424 4116 scholiorum
1444 4052 1542 4116 ratio·

265 4155 361 4220 nibus
386 4161 619 4241 comparentur.
646 4180 721 4223 nam
745 4158 792 4222 011
816 4150 898 4242 quae
923 4156 1026 4221 adhuc
1049 4156 1088 4221 de
1106 4155 1289 4222 Danielinis
1313 4157 1541 4245 additamentis

265 4262 451 4327 dictasunt
476 4284 587 4327 eorum
612 4263 756 4328 codicum
779 4263 986 4346 testimoniis,
1009 4249 1126 4347 quibus
1151 4262 1281 4328 brevior
1303 4267 1432 4329 tantum
1456 4287 1541 4329 com·

265 4369 446 4434 mentarius
465 4366 579 4433 Servio
602 4369 767 4453 tribuitur,
791 4371 919 4434 tantum
937 4369 1014 4432 fidei
1032 4374 1185 4452 paratum
1204 4390 1274 4434 esse
1293 4391 1396 4454 spero,
1419 4375 1541 4436 utnon

265 4476 330 4539 iam
349 4475 522 4540 verendum
542 4475 594 4559 sit,
612 4497 653 4539 ne
671 4479 793 4540 temere
812 4497 908 4561 agere
926 4476 1037 4542 videar
1055 4478 1082 4541 si
1102 4475 1260 4541 scholium
1280 4476 1412 4561 aliquod
1430 4480 1539 4541 utrum

265 4579 368 4646 Servii
392 4604 433 4647 an
456 4581 539 4646 alius
563 4581 750 4665 interpretis
775 4582 819 4646 sit
842 4582 948 4646 causis
972 4581 1151 4648 eServiani
1170 4583 1395 4648 commentarii
1413 4584 1540 4648 ratione

263 4688 375 4770 petitis
400 4687 567 4770 explorare
590 4688 698 4753 velim.
736 4693 878 4753 ceterum
900 4689 984 4754 hanc
1007 4688 1232 4774 quaestionem
1255 4689 1297 4752 ad
1319 4690 1444 4774 reliqua
1464 4711 1540 4773 quo·

264 4815 324 4877 que
349 4793 642 4860 additamentorum
665 4814 785 4879 genera
807 4795 970 4879 pertinere
994 4799 1137 4880 apparet.
