3396 5422
251 356 327 412 XCII
784 356 998 412 PRAEFATIO.

250 521 410 586 librorum
437 520 570 586 illorum
598 521 825 605 supplementa
851 519 1040 604 plenissime
1069 518 1229 585 exhibuit:
1258 543 1277 584 5
1304 538 1355 584 me
1384 542 1423 585 ea
1451 542 1532 604 quae

252 627 291 691 ad
314 625 469 692 Aeneidis
493 627 596 692 libros
613 626 705 691 I—V
718 626 886 710 portinent
907 625 948 690 ad
960 624 1178 692 Dresdensem
1198 626 1338 692 codicem
1361 627 1533 711 recognita

252 737 341 818 sunt,
363 734 437 801 inda
463 759 482 799 a
505 736 597 799 sexto
621 734 705 798 libro
729 732 913 797 Parisinum
934 732 1034 812 7965,
1058 755 1154 818 quem
1178 755 1262 800 anno
1289 733 1372 801 1857
1397 734 1533 819 inspexi,

251 841 291 905 ad
315 863 385 906 eam
410 863 479 906 rem
502 840 672 906 adhibebo.
714 839 831 923 quibus
852 839 1014 904 codicibus
1039 861 1111 905 cum
1129 863 1195 905 555
1218 842 1330 907 omnia
1351 863 1433 927 quae
1454 839 1532 905 Itali

251 948 443 1013 addiderunt
476 948 720 1032 contineantur,
739 941 852 1030 'pauca
874 945 1032 1029 quaedam
1061 968 1099 1011 ex
1131 946 1325 1013 Fabriciano
1354 947 1531 1032 exemplari

251 1056 461 1121 exscribenda
484 1059 584 1120 erant.
593 1052 617 1141 ¹)

337 1160 426 1228 Haeo
455 1165 565 1226 autem
598 1161 835 1246 supplementa,
868 1181 949 1242 quae
982 1182 1001 1224 a
1028 1158 1186 1227 Masvicio
1214 1160 1401 1228 Burmanno
1428 1161 1529 1227 Lione

250 1271 335 1335 inter
357 1270 430 1354 ipsa
453 1267 662 1354 grammatici
685 1267 786 1332 verba
809 1269 939 1349 recepta
963 1269 1051 1350 sunt,
1075 1288 1147 1332 cum
1162 1290 1228 1333 non
1242 1273 1393 1352 putarem
1416 1269 1528 1335 eodem

250 1400 313 1461 quo
337 1377 519 1460 pleniorum
543 1375 700 1440 librorum
722 1373 847 1439 scholia
862 1373 933 1439 loco
949 1372 1098 1438 habenda
1112 1397 1196 1454 esse,
1219 1376 1254 1440 in
1278 1376 1424 1441 criticum
1444 1398 1528 1442 com·

250 1484 446 1550 mentarium
469 1482 632 1569 ablegavit
656 1503 731 1546 nam
757 1503 830 1546 cum
852 1480 924 1564 ipsa
947 1502 1075 1565 quoque
1104 1505 1123 1546 5
1147 1479 1258 1547 Servio
1287 1483 1392 1548 aliena
1420 1479 1529 1570 sint2),

250 1595 320 1656 tum
342 1613 408 1657 non
432 1590 538 1657 solum
560 1592 694 1674 propter
721 1588 880 1653 librorum
909 1587 1027 1672 quibus
1058 1589 1264 1655 continentur
1295 1595 1444 1674 tempora
1472 1590 1528 1654 sed

248 1700 348 1764 etiam
358 1700 490 1782 propter
502 1719 614 1763 causas
624 1697 659 1761 in
672 1696 819 1779 ipsorum
832 1693 958 1758 ratione
973 1695 1097 1778 positas
1108 1696 1261 1781 pleraque
1273 1697 1385 1783 quinto
1401 1698 1524 1762 decimo

249 1805 376 1871 saeculo
391 1805 540 1870 videntur
554 1803 735 1888 composita
749 1823 828 1867 esse.
853 1823 916 1887 quo
935 1801 970 1866 iu
985 1821 1102 1886 genere
1125 1802 1209 1867 illud
1223 1803 1364 1887 primum
1388 1826 1526 1869 comme-

249 1934 339 1977 moro
364 1912 448 1996 quod
467 1911 673 1977 inItalorum
697 1910 765 1974 eius
790 1907 908 1974 aetatis
932 1908 1040 1974 studia
1064 1910 1203 1975 maxime
1228 1911 1389 1997 convenit,
1412 1912 1525 1976 latinis

247 2019 414 2085 vocabulis
438 2040 535 2102 saepe
562 2038 681 2102 graeca
704 2016 853 2100 adposita
881 2037 965 2098 esse,
992 2038 1095 2099 neque
1118 2016 1152 2080 id
1180 2038 1217 2082 eo
1241 2019 1378 2084 consilio
1402 2018 1525 2084 factum

247 2127 363 2211 videri,
386 2130 423 2190 ut
447 2126 504 2190 illa
528 2124 604 2209 quid
628 2124 692 2188 sibi
716 2124 838 2187 vellent
860 2121 912 2185 his
932 2123 1130 2205 comparatis
1154 2124 1391 2210 ostenderetur,
1414 2125 1470 2190 sed
1489 2129 1526 2189 ut

247 2233 354 2318 graeci
379 2232 538 2297 sermonis
562 2230 698 2296 scientia
725 2229 837 2295 oblata
864 2227 1033 2293 occasione
1060 2235 1310 2316 propagaretur.
1352 2233 1391 2297 cf.
1416 2233 1525 2298 adnot.

246 2341 315 2405 crIt.
340 2340 380 2404 ad
401 2362 432 2423 p.
456 2340 508 2422 31,
532 2340 565 2424 6,
590 2339 643 2423 32,
668 2338 805 2420 15117,
829 2337 882 2420 37,
905 2337 962 2419 27,
986 2336 1038 2431 38,
1062 2337 1097 2420 2,
1119 2338 1172 2423 46,
1189 2338 1320 2424 11,.72,
1337 2339 1387 2405 14.
1411 2340 1523 2405 eodem

245 2446 388 2532 pertinet
411 2446 497 2531 quod
525 2445 611 2510 haud
639 2444 750 2529 paucis
774 2443 914 2528 Vergilii
942 2443 1089 2508 versibus
1118 2443 1316 2511 Graecorum
1344 2450 1525 2532 poetarum,

246 2553 382 2618 Homeri
405 2554 440 2618 in
462 2553 591 2637 primis,
614 2551 738 2616 similes
762 2550 827 2615 loci
850 2551 965 2633 plene
990 2549 1146 2634 adscripti
1169 2556 1246 2616 sunt
1269 2549 1323 2638 (cf.
1345 2576 1377 2637 p.
1396 2553 1449 2637 50,
1470 2553 1524 2636 19,

247 2659 299 2744 58,
324 2661 379 2744 13,
402 2661 453 2743 66,
476 2661 511 2744 2,
537 2659 664 2743 77,17,
689 2657 766 2741 112,
782 2657 838 2740 16,
861 2655 1007 2740 58919,
1031 2656 1252 2744 629,3sqq.):
1276 2659 1359 2745 quod
1384 2657 1525 2724 aServii

248 2767 480 2833 consuetudine
505 2765 675 2849 abhorret,
698 2765 754 2850 qui
777 2785 972 2848 quamquam
996 2763 1036 2828 ad
1060 2763 1199 2849 Vergilii
1223 2769 1327 2831 artem
1350 2767 1523 2831 inlustran-

246 2874 320 2938 dam
343 2896 410 2940 555
432 2895 609 2958 numquam
637 2892 756 2957 graeca
784 2871 931 2955 exempla
959 2875 1205 2956 commemorat,
1232 2873 1331 2936 verba
1358 2873 1430 2956 ipsa
1456 2894 1523 2938 non

247 2981 329 3044 solet
361 2981 505 3064 proferre
534 2979 587 3066 (cf.
620 3002 650 3063 p.
682 2979 739 3060 10,
762 2979 797 3062 4,
829 2977 884 3061 18,
909 2977 964 3060 18,
988 2978 1045 3061 24,
1071 2977 1126 3061 18,
1150 2978 1207 3062 47,
1232 2978 1287 3062 15,
1310 2980 1368 3064 49,
1390 2981 1447 3064 27,
1471 2980 1524 3064 52,

246 3085 303 3169 29,
327 3087 383 3171 85,
407 3085 451 3174 3.)
488 3087 589 3151 etiam
611 3087 646 3151 in
668 3086 846 3150 latinorum
870 3083 1067 3167 scriptorum
1090 3085 1245 3169 exemplis
1269 3086 1438 3153 laudandis
1458 3088 1524 3153 5115

245 3197 296 3256 551
318 3191 436 3277 Servii,
468 3193 533 3258 5115
555 3194 713 3259 Italorum
736 3192 869 3259 illorum
902 3191 1002 3256 ratio:
1036 3191 1092 3257 ille
1125 3192 1224 3278 enim,
1256 3197 1294 3257 ut
1322 3215 1420 3276 supra
1448 3194 1522 3278 dixi,

246 3300 363 3385 quibua
387 3323 426 3365 ex
448 3301 542 3367 libris
566 3324 604 3367 ea
627 3302 818 3386 deprompta
837 3302 946 3363 555551
964 3299 1153 3383 plerumque
1172 3322 1238 3366 non
1261 3300 1426 3384 indicavit,
1443 3299 1522 3364 Itali

245 3406 279 3470 in
303 3429 341 3472 ea
363 3430 398 3472 re
422 3408 525 3473 multo
545 3407 767 3492 diligentiores
792 3405 932 3470 fuerunt.
973 3404 1012 3470 51.
1036 3428 1065 3489 p.
1081 3405 1132 3490 53,
1152 3408 1194 3471 26
1217 3406 1387 3472 Sallustius
1408 3407 1444 3470 15
1466 3407 1522 3471 15-

241 3515 402 3599 95511155,
416 3539 456 3600 ,p.
481 3516 538 3599 81,
564 3512 842 3578 14Η515115515
865 3512 970 3594 55515,
993 3534 1023 3595 p.
1046 3512 1122 3597 109,
1149 3514 1189 3577 10
1214 3512 1342 3578 Ovidius
1363 3513 1399 3577 ia
1415 3515 1521 3596 prtmo

244 3623 535 3706 ratumorphoseoa3
562 3644 592 3705 p.
615 3621 697 3703 420,
720 3620 764 3683 20
788 3616 893 3683 Cicero
916 3618 965 3682 ld).
989 3619 1025 3683 (15
1047 3620 1243 3685 dictantium.
1285 3619 1409 3686 accedit
1436 3605 1520 3702 quod

244 3727 323 3793 Itali
355 3751 372 3793 5
404 3730 496 3794 libris
525 3725 679 3794 aServio
710 3725 869 3810 neglectis
903 3725 1051 3808 exempla
1081 3727 1280 3809 petiuerunt:
1313 3727 1368 3811 qui
1401 3748 1473 3790 cum
1504 3748 1520 3790 e

335 4012 360 4079 1)
381 4009 414 4066 cl.
430 4010 552 4066 Thomas
572 4011 642 4065 essai
666 4028 693 4079 p.
713 4013 747 4062 32
778 4005 841 4061 ‘ces
861 4002 1015 4072 additions,
1040 4021 1092 4075 par
1111 4006 1138 4061 le
1156 4006 1209 4062 fait
1227 4010 1318 4062 meme
1337 4007 1371 4062 de
1390 4008 1451 4063 leur
1469 4007 1521 4064 ori·

244 4089 309 4159 gine
327 4091 406 4143 n'ont
424 4107 473 4159 pas
493 4091 639 4145 (15155155
663 4088 782 4151 artetes,
806 4085 835 4138 51
853 4101 881 4137 55
899 4084 1031 4139 trouvent
1054 4102 1088 4139 55
1107 4087 1285 4157 proportione
1304 4087 1431 4156 inegales
1451 4088 1520 4142 (1555

242 4168 284 4223 155
303 4169 479 4223 manuscrits.
512 4169 563 4225 Les
587 4169 707 4224 editions
733 4167 782 4221 ont
805 4162 878 4218 snivi
897 4179 966 4216 ceux
985 4163 1033 4231 qui
1052 4181 1086 4219 55
1106 4167 1285 4222 55515551551
1302 4167 1329 4222 15
1347 4167 1412 4237 plus
1431 4169 1521 4237 grand

186 4302 192 4314 ,
243 4250 371 4317 nombre3
398 4250 470 4304 mais
496 4268 565 4305 nous
590 4268 625 4305 ne
650 4250 691 4303 155
716 4263 803 4301 avons
828 4260 879 4314 pas
897 4244 1003 4312 155155,
1031 4247 1060 4299 51
1074 4245 1104 4315 je
1122 4248 1222 4302 trouve
1237 4247 1278 4300 ici
1297 4246 1366 4300 dans
1386 4246 1413 4301 15
1432 4246 1519 4302 Paris.

245 4335 313 4384 '1965
341 4332 370 4384 51
394 4329 465 4384 dans
490 4330 517 4385 le
543 4348 593 4384 ms.
621 4329 656 4384 de
683 4328 779 4383 Sainte
803 4323 960 4379 Genevieve
979 4328 1085 4394 (georg.
1105 4326 1188 4381 1489
1208 4328 1294 4382 etlll
1314 4330 1377 4395 148)
1396 4329 1425 4381 51
1444 4328 1520 4381 55551

243 4408 313 4464 (1555
332 4411 358 4464 15
378 4410 464 4464 Paris.
486 4416 571 4465 16237
592 4411 670 4480 (Aen.
689 4409 755 4464 VIII
773 4413 821 4476 28,
840 4411 887 4471 82,
906 4405 951 4473 44)
971 4404 1020 4458 (155
1039 4408 1119 4460 55155
1144 4408 1173 4461 51
1196 4406 1244 4462 (155
1273 4406 1519 4476 rapprochements

244 4490 292 4558 qui
311 4508 346 4545 ne
366 4493 430 4545 sont
447 4505 497 4559 pas
518 4489 587 4545 dans
606 4491 646 4545 leg
666 4487 807 4545 editions&
898 4483 925 4552 2)
950 4484 1105 4539 cavendum
1124 4487 1168 4540 est
1185 4504 1220 4541 ne
1233 4486 1293 4542 eius
1312 4487 1422 4557 generis
1441 4486 1519 4541 addi·

244 4569 392 4637 tamentis,
412 4567 491 4623 euius
510 4571 575 4624 sunt
593 4586 665 4638 quae
684 4569 720 4622 ad
739 4587 765 4638 p.
786 4573 813 4635 9,
837 4571 883 4631 22,
905 4568 951 4632 10,
970 4570 1017 4631 24,
1039 4571 1084 4632 13,
1104 4572 1134 4634 8,
1153 4572 1200 4633 24,
1221 4573 1268 4635 10,
1287 4572 1334 4634 26,
1354 4572 1384 4634 4,
1404 4572 1451 4635 39,
1471 4573 1519 4632 21,

243 4655 286 4716 46,
305 4656 321 4703 3
341 4648 489 4719 adscripsi,
508 4649 626 4704 nimium
644 4649 796 4704 tribuatur:
816 4645 917 4714 quibus
937 4645 1064 4699 5151555
1086 4661 1159 4715 nego
1179 4644 1314 4700 Serviana
1337 4645 1446 4700 scholia
1463 4663 1519 4700 non

241 4729 335 4799 inepte
362 4729 487 4800 suppleri
509 4747 659 4799 eorumque
683 4728 858 4784 intellectum
883 4724 1037 4781 faciliorem
1059 4724 1152 4792 reddi,
1175 4727 1270 4781 tamen
1294 4725 1404 4782 omissis
1428 4726 1467 4780 eis
1491 4728 1521 4781 et

242 4810 332 4865 oratio
351 4809 437 4880 plena
456 4812 499 4865 est
517 4812 546 4864 et
564 4810 632 4879 quid
651 4809 774 4864 voluerit
792 4805 993 4879 grammaticus
1011 4804 1193 4874 intellegitur.
