3396 5422
241 345 359 412 xxvur
776 357 991 412 PRAEFATlo.

242 525 353 585 tamen
371 543 438 585 non
456 525 565 606 potest
583 520 738 603 dubitari,
758 520 835 604 quin
854 522 895 585 ab
915 521 1047 586 homine
1067 520 1207 605 scriptus
1227 520 1282 604 sit,
1301 519 1408 604 quiin
1426 520 1524 584 inter-

241 627 408 710 pretandis
436 627 643 712 antiquorum
671 627 764 691 libris
795 650 848 692 eas
878 627 1016 692 maxime
1044 649 1096 692 res
1125 630 1270 710 spectare
1295 626 1524 711 consuevisset,

139 748 141 752 '
168 746 170 750 '
244 756 324 818 quas
345 734 600 799 adulescentium
619 734 759 819 ingeniis
779 734 961 800 excolendis
981 734 1113 798 idoneas
1134 755 1204 810 ¹csse
1224 733 1355 797 videret.
1363 731 1388 818 ¹)
1412 733 1522 816 itaque

243 841 329 925 quod
351 839 510 906 Macrobii
532 841 721 906 testimonio
745 839 826 924 (sar.
850 840 898 905 Vl
921 841 957 924 6,
982 839 1015 925 1)
1040 844 1168 905 constat
1190 839 1275 904 idem
1298 861 1338 903 ex
1360 861 1522 904 commen·

243 947 318 1010 tarii
342 947 468 1012 ratione
492 948 715 1033 cognoscitur,
745 948 780 1011 in
804 947 923 1012 scholis
947 971 967 1012 a
990 945 1101 1012 Servio
1125 949 1267 1011 tractata
1290 968 1360 1010 esse
1383 944 1522 1031 Vergilii

243 1054 396 1118 carmina.
430 1054 506 1119 hinc
529 1056 739 1140 repetendum
762 1059 813 1119 est
836 1055 921 1138 quod
945 1054 1231 1139 grammaticarum
1254 1075 1362 1118 rerum
1384 1053 1420 1117 in
1438 1076 1522 1119 com-

243 1161 402 1225 mentario
421 1162 494 1245 plus
514 1162 649 1227 rationis
668 1162 818 1226 habitum
838 1184 908 1226 esse
927 1149 1072 1226 iidemus
1091 1184 1189 1245 quam
1209 1165 1398 1226 ceterarum.
1422 1160 1521 1243 quid?

244 1266 329 1350 quod
345 1266 475 1333 Servius
494 1268 556 1334 hoc
576 1269 682 1334 studio
702 1270 856 1353 abreptus
876 1267 1064 1352 saepissime
1083 1268 1113 1331 ei
1127 1271 1308 1352 praecepto,
1323 1267 1411 1332 cuius
1426 1290 1523 1332 causa

245 1374 280 1438 in
307 1374 379 1458 ipso
408 1375 446 1438 de
474 1398 545 1459 quo.
563 1376 722 1459 agebatur
744 1374 882 1461 Vergilii
909 1397 1004 1440 versu
1027 1375 1141 1458 inerat,
1164 1374 1252 1440 aliud
1275 1373 1411 1457 addidit,
1439 1374 1523 1457 quod

245 1479 286 1544 ad
310 1480 432 1545 similes
456 1503 507 1545 res
530 1483 679 1565 pertinet.
725 1506 763 1548 ea
790 1506 825 1548 re
848 1483 986 1548 Ioannes
1009 1481 1206 1546 Kirchnerus
1231 1481 1251 1545 l.
1275 1481 1297 1545 l.
1319 1504 1349 1564 p.
1373 1481 1437 1545 483
1453 1503 1522 1565 sqq.

245 1591 353 1652 motus
382 1591 445 1672 est,
477 1593 513 1653 ut
540 1588 688 1654 Servium
715 1590 910 1673 ubicumque
938 1589 1023 1673 apud
1051 1593 1215 1654 auctorem
1242 1610 1336 1651 suum
1364 1608 1522 1671 gramma·

243 1694 345 1759 ticum
372 1701 545 1779 praecepta
567 1695 764 1782 Vergilianis
793 1697 948 1781 exemplis
972 1701 1128 1762 exornata
1150 1695 1297 1780 legisset,
1319 1697 1425 1758 totum
1448 1695 1523 1758 titu-

243 1802 310 1865 lum
334 1801 373 1866 ad
398 1802 533 1866 eundem
556 1825 698 1887 versum,
722 1805 778 1889 qui
802 1827 821 1868 a
844 1804 1058 1888 grammatico
1082 1803 1233 1867 laudatus
1262 1805 1362 1885 esset,
1384 1801 1419 1864 in
1447 1823 1522 1866 suos

244 1908 493 1973 commentarios
525 1911 733 1976 transtulisse
766 1912 937 1976 coniceret.
988 1934 1054 1975 non
1085 1929 1169 1993 nego
1206 1908 1354 1992 equidem
1381 1930 1453 1972 cum
1488 1908 1522 1972 in

245 2016 425 2080 ceterorum
450 2018 738 2100 grammaticorum
760 2023 831 2083 tum
854 2019 889 2082 in
911 2016 1016 2082 Flavii
1040 2016 1139 2099 Capri
1163 2014 1255 2079 libris
1279 2014 1425 2098 legendis
1450 2013 1522 2080 Ser-

244 2121 332 2185 vium
364 2121 613 2205 diligentissime
636 2129 799 2190 versatum
823 2147 893 2189 esse
918 2125 1048 2189 atinde
1072 2146 1165 2188 suam
1189 2121 1417 2207 grammaticae
1441 2122 1522 2187 artis

240 2228 413 2292 scientiam
436 2229 597 2314 hausisse,
622 2231 676 2295 sed
699 2231 748 2296 ita
767 2253 822 2296 eos
841 2231 876 2294 in
895 2229 1162 2296 commentarium
1186 2229 1364 2293 translatos
1389 2251 1468 2313 esse,
1486 2233 1523 2293 ut

240 2335 335 2399 verbi
359 2357 457 2399 causa
480 2359 499 2400 a
522 2336 690 2402 Macrobio
714 2360 731 2402 c
755 2338 854 2402 Gellii
878 2339 963 2403 libro
983 2339 1087 2402 multa
1106 2336 1267 2420 exscripta
1290 2358 1360 2401 esse
1385 2340 1522 2419 constat,

242 2464 308 2506 non
325 2463 459 2527 possum
484 2443 565 2507 mihi
584 2445 788 2530 persuadere.
821 2446 920 2510 immo
941 2443 1070 2509 Servius
1090 2466 1162 2509 oum
1181 2443 1403 2528 grammaticis
1423 2444 1519 2507 rebus

242 2548 380 2613 maxime
405 2572 536 2632 operam
560 2551 711 2634 dedisset,
734 2557 771 2617 ut
794 2553 834 2616 ad
858 2575 912 2617 eas
933 2550 1138 2636 exponendas
1167 2549 1241 2632 plus
1268 2551 1302 2613 in
1331 2551 1403 2633 ipso
1432 2571 1521 2634 prae-

243 2655 316 2719 sidii
349 2660 434 2720 esset
465 2680 564 2741 quam
596 2658 637 2722 ad
667 2661 805 2742 ceteras,
838 2659 1081 2742 exspatiabatur
1108 2657 1142 2720 in
1175 2678 1212 2720 eo
1237 2676 1354 2739 genere
1387 2656 1521 2721 adnota-

245 2762 412 2845 tionesque
433 2762 506 2826 inde
528 2764 664 2848 petitas,
688 2765 835 2849 quamvis
860 2764 1098 2848 aVergilianis
1122 2762 1230 2827 verbis
1255 2762 1380 2827 alienae
1405 2766 1521 2846 essent,

243 2869 476 2933 commentario
500 2892 559 2934 suo
594 2869 830 2955 adglutinabat.
882 2871 1036 2955 exemplis
1062 2893 1081 2933 a
1103 2869 1285 2934 Kirchnero
1308 2891 1338 2951 p.
1361 2868 1427 2932 495
1451 2891 1520 2952 sqq.

243 2976 505 3041 commemoratis
528 2976 590 3040 hoc
612 2976 709 3061 addo,
742 3000 805 3062 quo
834 2978 963 3061 egregie
985 2978 1020 3042 ni
1043 2977 1142 3042 fallor
1170 2975 1366 3056 ostenditur,
1392 2996 1457 3039 non
1480 2975 1521 3039 ab

243 3081 481 3146 inconsiderata
513 3087 683 3148 auctorum
716 3085 899 3149 imitatione
935 3085 1070 3148 nimiam
1107 3083 1199 3147 illam
1232 3081 1518 3166 grammaticorum

243 3192 492 3270 praeceptorum
529 3189 656 3272 copiam
693 3189 901 3274 repetendam
939 3211 1018 3254 esse.
1065 3189 1145 3253 Aen.
1176 3187 1224 3252 IV
1256 3189 1320 3252 231
1360 3187 1445 3251 enim
1479 3187 1519 3250 ad

241 3311 430 3359 PRODERET
467 3294 547 3360 haec
580 3296 680 3362 hahes
714 3321 733 3362 a
765 3295 876 3361 Servio
914 3296 1076 3379 adscripta
1102 3296 1190 3359 modo
1225 3292 1460 3377 ‘protenderet',
1488 3294 1523 3358 id

245 3405 290 3465 est
301 3406 497 3483 propoporet.
535 3401 700 3488 ‘propapo'
723 3411 825 3470 cutem
842 3405 871 3469 si
885 3423 982 3488 penus
999 3403 1161 3486 sipaificet,
1186 3399 1274 3484 ‘pro'
1298 3401 1395 3466 brevis
1417 3405 1468 3486 est,
1487 3406 1522 3466 ct

243 3506 296 3571 ‘sit
317 3505 463 3572 Romanu
481 3514 590 3591 potens
613 3511 701 3577 Italo
723 3514 834 3578 uirtute
850 3508 1021 3594 propoqo':
1049 3510 1078 3574 si
1100 3511 1136 3573 dc
1158 3509 1267 3572 arbore
1289 3508 1388 3586 dicas,
1405 3509 1521 3590 produ-

242 3614 322 3677 citur
336 3611 437 3696 ‘pro’,
449 3620 490 3678 ‘at
504 3614 613 3696 ‘flexos
621 3620 807 3702 pnqoupiaia
825 3639 915 3683 arcus
928 3615 1124 3708 exspectoat'.
1148 3615 1273 3679 scilicet
1295 3600 1424 3678 Servius
1435 3614 1521 3698 quod

242 3718 446 3803 propagandi
465 3722 563 3786 verbo
583 3746 660 3789 usus
680 3730 764 3809 erat,
783 3731 819 3791 ut
842 3722 1026 3808 ‘proderet'
1047 3722 1123 3807 quid
1144 3723 1205 3786 sibi
1221 3722 1320 3786 vellet
1335 3726 1520 3806 exponeret,

243 3827 356 3908 aptum
379 3847 449 3889 esse
472 3829 602 3909 putavit
624 3829 662 3894 de
686 3829 863 3914 ‘propago'
886 3829 1027 3894 nominis
1050 3829 1157 3912 prima
1183 3829 1313 3912 syllaba
1337 3823 1432 3893 modo
1456 3850 1521 3893 cor·

244 3935 336 4015 repta
365 3931 460 3997 modo
489 3936 645 4019 producta
674 3938 869 4020 praecipere.
910 3936 1001 4000 nulla
1031 3934 1094 3999 alia
1125 3936 1226 4020 igitur
1248 3957 1296 4018 re,
1326 3935 1389 3998 nisi
1419 3935 1520 3999 nimio

244 4040 313 4103 eius
342 4039 435 4121 antia,
467 4040 502 4105 in
529 4066 594 4127 qua
620 4028 787 4109 habitasse
818 4066 907 4107 eum.
923 4045 956 4106 et
988 4064 1114 4107 summa
1148 4043 1343 4107 auctoritate
1372 4040 1520 4105 floruisse

245 4148 386 4229 constat,
409 4147 515 4213 studio
540 4154 574 4216 et
592 4151 810 4236 praecipiendi
830 4149 944 4215 ardore
961 4148 1101 4233 quodam
1121 4148 1249 4213 ridetur
1266 4148 1417 4213 inductus
1441 4170 1521 4229 esse,

243 4251 554 4336 utVergilianorum
564 4259 741 4323 carminum
755 4256 1025 4341 interpretatione
1040 4256 1081 4320 ad
1096 4257 1384 4342 grammaticorum
1398 4254 1521 4338 placita

243 4357 436 4449 proferenda
460 4360 658 4431 abuteretur.

331 4477 513 4545 Secundum
547 4472 792 4558 grammaticam
825 4470 1107 4554 interpretationis
1141 4472 1269 4553 partem
1302 4490 1340 4532 ea
1370 4490 1450 4552 qnae
1479 4468 1519 4531 ad

244 4588 459 4653 elocutionem
478 4582 642 4669 pertinent
660 4578 791 4644 Servius
810 4578 950 4642 maxime
969 4576 1130 4642 tractarit.
1167 4575 1399 4640 vocabulorum
1418 4575 1520 4660 igitur

283 4890 287 4899 Ι
317 4820 341 4886 1)
361 4817 395 4870 cf.
414 4816 536 4871 Thomas
555 4832 581 4884 p.
604 4818 652 4868 181
664 4829 723 4881 sqq.
