3396 5422
248 375 297 429 LX
777 376 992 431 PRAEFATIO.

249 539 304 622 qui
326 544 459 604 vocatur
482 540 735 604 commentarius
759 538 941 624 adscriptus
965 544 1031 624 est,
1060 539 1101 604 ad
1124 540 1264 624 primum
1292 544 1325 604 et
1349 541 1523 607 secundum

248 647 401 711 Aeneidis
426 647 545 711 librum
567 646 650 710 nihil
675 650 724 711 est
748 646 955 730 adnotatum,
979 647 1068 710 tertii
1088 650 1250 711 eteorum
1269 649 1324 731 qui
1348 653 1526 732 sequuntur

248 753 405 817 librorum
428 754 591 838 margines
614 754 642 817 is
666 753 916 818 commentarius
940 753 1124 837 occupavit,
1148 776 1242 837 quem
1261 752 1377 819 Daniel
1400 757 1525 839 primus

249 859 357 924 edidit.
394 861 428 923 in
452 861 627 944 exemplari
651 883 689 924 ex
717 882 780 945 quo
809 860 862 925 hic
889 859 973 924 liber
1004 860 1182 944 exscriptus
1211 865 1261 924 est
1288 860 1429 946 Vergilii
1459 884 1527 927 car·

246 967 334 1031 mina
358 971 391 1030 et
415 967 540 1031 scholia
563 967 676 1032 eodem
700 967 810 1032 ordine
830 967 979 1030 videntur
997 966 1156 1050 disposita
1174 966 1283 1032 fuisse.
1313 968 1413 1052 quid?
1438 969 1524 1053 quod

248 1073 371 1137 scholia
405 1074 516 1138 eadem
548 1074 583 1137 ni
615 1073 713 1138 fallor
745 1074 871 1137 ratione
903 1095 961 1156 per
993 1073 1157 1158 margines
1190 1072 1365 1139 distributa
1386 1074 1526 1142 fuerunt.

248 1180 376 1263 saepius
400 1181 504 1259 enim,
527 1181 561 1244 in
585 1182 682 1246 tertio
697 1181 837 1245 maxime
852 1185 885 1245 et
903 1182 1020 1265 quarto
1036 1180 1120 1243 libro
1125 1230 1135 1264 ,
1158 1203 1353 1267 quamquam
1367 1182 1403 1246 in
1422 1183 1525 1248 altero

246 1287 393 1370 margine
418 1286 498 1350 satis
523 1288 619 1370 spatii
644 1287 685 1351 ad
714 1287 918 1351 scribendum
945 1287 1094 1350 relictum
1123 1292 1223 1372 esset,
1251 1289 1389 1353 alterum
1417 1293 1524 1354 totum

245 1392 417 1475 impletum
441 1394 631 1478 litterasque
657 1398 812 1477 quantum
835 1394 907 1457 fieri
921 1396 1050 1477 poterat
1070 1397 1103 1458 et
1117 1393 1260 1459 minutas
1284 1399 1317 1459 et
1339 1401 1523 1462 contractas

245 1521 315 1565 esse
338 1501 493 1566 videmus.
535 1501 674 1586 Vergilii
689 1503 786 1566 verba
801 1506 833 1566 et
847 1502 971 1567 scholia
985 1501 1026 1565 ab
1042 1502 1171 1587 eodem,
1193 1507 1230 1568 ut
1244 1503 1383 1582 videtur,
1402 1505 1524 1589 scripta

247 1611 331 1672 sunt.
367 1609 479 1692 paucis
502 1612 632 1673 tantum
656 1609 737 1673 locis
761 1609 826 1673 alia
849 1630 977 1693 manus,
1005 1609 1114 1692 priore
1137 1631 1204 1673 non
1227 1610 1330 1674 multo
1355 1612 1525 1695 recentior,

244 1715 469 1781 adnotationes
493 1739 630 1800 quarum
654 1717 771 1799 exigua
794 1716 843 1779 vel
867 1716 958 1780 nulla
981 1716 1107 1780 utilitas
1136 1722 1199 1801 est,
1228 1717 1353 1782 adiecit.
1401 1741 1522 1783 correo·

243 1827 336 1886 turae
358 1846 480 1906 paucae
505 1823 711 1888 inveniuntur
740 1845 858 1907 eaeque
887 1846 906 1887 a
932 1823 1039 1907 prima
1066 1825 1255 1908 plerumque
1283 1847 1380 1889 manu
1408 1825 1522 1891 factae.

242 1928 434 1994 lemmatum
467 1931 562 1994 initia
600 1928 837 2013 grandiusculis
875 1930 993 1993 litteris
1027 1930 1169 1994 indicata
1202 1935 1285 1995 sunt.
1331 1933 1523 1998 monasterii

245 2032 356 2099 Sancti
379 2035 549 2101 Benedicti
573 2034 791 2101 Floriaceusis
810 2035 930 2099 librum
951 2036 1029 2100 olim
1053 2036 1152 2102 fuisse
1176 2038 1300 2103 duobus
1324 2040 1470 2104 versibus
1489 2040 1523 2104 in

243 2142 313 2206 folii
341 2140 382 2206 2¹³
415 2144 563 2228 margine
596 2143 748 2207 inferiore
782 2143 928 2228 scriptis,
960 2166 1040 2228 quos
1073 2143 1249 2210 Muellerus
1282 2145 1366 2212 anal.
1394 2147 1414 2210 l.
1442 2148 1462 2211 l.
1491 2150 1524 2212 et

242 2247 398 2332 Hagenus
423 2250 457 2313 in
481 2251 631 2335 catalogo
652 2250 820 2314 ediderunt
839 2255 872 2314 et
886 2250 1032 2315 Danielis
1056 2252 1245 2317 testimonio
1265 2256 1408 2335 constat,
1431 2253 1522 2318 cuius

243 2356 278 2419 in
311 2356 544 2421 bibliothecam
577 2356 674 2420 multi
707 2355 929 2420 Floriacenses
963 2356 1088 2421 codices
1123 2364 1288 2424 venerunt.
1335 2359 1374 2425 cf.
1405 2359 1523 2444 Hagen

242 2464 336 2526 catal.
359 2462 459 2546 praef.
483 2487 514 2547 p.
538 2462 595 2527 XI.
631 2463 778 2527 Danielis
801 2463 891 2526 iussu
915 2465 952 2526 ut
975 2462 1102 2528 videtur
1121 2466 1220 2531 codex
1239 2468 1273 2530 in
1300 2466 1380 2531 duas
1411 2473 1521 2551 partes

242 2571 417 2635 distractus
442 2575 498 2634 est.
537 2572 687 2654 alteram,
715 2572 749 2634 in
775 2567 984 2656 152f01iis1)
1014 2571 1161 2638 bucolica
1188 2574 1340 2658 georgica
1368 2573 1523 2639 Aeneidis

241 2678 343 2741 libros
371 2679 511 2762 quinque
539 2679 665 2761 priores
693 2677 976 2761 complectentem,
1004 2698 1086 2760 quae
1115 2701 1201 2743 nunc
1228 2681 1263 2742 in
1286 2678 1444 2745 Beruensi
1474 2682 1522 2744 bi·

241 2785 407 2848 bliotheca
431 2785 620 2848 adservatur
644 2788 676 2848 et
698 2805 869 2847 numerum
896 2785 957 2847 172
981 2783 1093 2868 habet,
1117 2786 1187 2868 ipse
1210 2787 1357 2870 retinuit,
1382 2788 1519 2853 alteram

241 2891 379 2956 sedecim
411 2891 586 2955 habentem
616 2891 862 2975 quaterniones,
896 2891 931 2954 in
961 2891 1078 2974 quibus
1108 2894 1225 2978 reliqui
1256 2893 1408 2959 Aeneidis
1444 2894 1520 2957 libri

245 2998 358 3081 scripti
372 3001 457 3082 sunt,
480 2997 576 3064 Petro
592 2997 728 3063 Pithoeo
748 2994 879 3082 misit.²)
915 3000 1029 3080 postea
1051 2997 1131 3063 haec
1150 3000 1269 3064 codicis
1287 3022 1362 3084 pars
1390 3001 1425 3063 in
1449 2998 1522 3065 Col-

240 3105 411 3188 bertinam,
437 3110 507 3168 tum
535 3105 569 3167 in
597 3104 721 3189 regiam
750 3104 981 3168 bibliothecam
1009 3105 1113 3170 inlata
1146 3111 1178 3170 et
1205 3129 1339 3170 numero
1364 3105 1450 3169 7929
1474 3107 1520 3169 in-

241 3213 364 3296 signita
379 3215 443 3296 est,
466 3233 560 3295 quem
580 3212 678 3275 etiam
692 3233 777 3275 nunc
791 3211 900 3275 habet.
936 3212 971 3274 in
985 3211 1160 3277 Beruensis
1174 3215 1280 3297 primo
1295 3213 1376 3278 folio
1390 3213 1520 3299 Daniel,

240 3318 356 3383 Petrus
380 3318 535 3383 Pithoeus
559 3318 593 3381 in
616 3317 722 3400 primo
747 3320 780 3380 et
799 3319 943 3379 extremo
959 3316 1100 3383 Parisini
1121 3317 1169 3406 (in
1183 3320 1331 3405 margine
1349 3318 1519 3406 inferiore)

238 3448 355 3490 nomen
380 3449 473 3491 suum
503 3420 675 3508 scripsit.³)
716 3422 892 3487 Beruensis
920 3423 1039 3488 codicis
1069 3413 1178 3489 decem
1207 3426 1435 3510 quaterniones
1464 3427 1518 3511 qui

244 3534 284 3597 ad
299 3534 475 3598 Aeneidem
498 3531 664 3616 pertinent
677 3529 841 3614 prioribus
856 3529 965 3594 decem
979 3530 1168 3598 Latinarum
1184 3534 1368 3598 litterarum
1383 3530 1518 3621 (A—K)

239 3641 346 3705 notati
379 3646 468 3724 sunt,
500 3640 560 3704 hos
594 3638 760 3721 excipiunt
792 3636 933 3701 Parisini
965 3639 1119 3704 tredecim
1152 3642 1380 3725 quaterniones
1413 3640 1517 3705 L—Z

240 3748 360 3811 litteris
385 3747 521 3831 signati,
544 3746 660 3830 reliqui
684 3749 750 3809 tres
770 3766 835 3809 non
859 3748 935 3808 sunt
957 3748 1132 3813 numerati.
1169 3749 1257 3813 illius
1276 3749 1339 3813 tria
1362 3748 1442 3811 folia
1465 3770 1519 3811 ex-

240 3858 346 3918 trema
369 3877 480 3918 umore
505 3856 658 3936 corrupta
681 3857 773 3935 sunt,
797 3857 834 3916 ut
858 3852 892 3914 in
915 3854 1043 3937 paginis
1059 3856 1156 3920 rectis
1176 3879 1214 3921 ea
1232 3878 1315 3941 quae
1334 3857 1368 3919 in
1387 3855 1519 3938 dextris,

311 4118 337 4182 1)
366 4113 591 4167 membranarum
622 4127 769 4165 numerum
796 4109 948 4163 secundum
974 4110 1123 4181 Hagenum
1150 4111 1227 4179 dedi,
1255 4111 1304 4164 sed
1332 4110 1365 4165 ct.
1395 4110 1516 4166 Thomas

242 4194 381 4263 supplem.
401 4211 427 4262 p.
448 4191 548 4246 XVIII.
583 4194 707 4246 ceterum
729 4189 849 4244 fortasse
874 4189 960 4244 codex
983 4190 1051 4245 olim
1073 4191 1131 4246 alia
1149 4191 1257 4246 ratione
1280 4191 1310 4244 in
1329 4191 1398 4245 duas
1421 4193 1516 4260 partes

239 4274 344 4328 divisus
366 4275 426 4327 erat
445 4272 479 4326 cf.
500 4271 622 4327 Thomas
641 4270 660 4325 l.
680 4271 698 4324 1.
718 4287 744 4338 p.
764 4268 791 4320 ΙΙ
810 4269 872 4323 adn.
894 4277 917 4322 1.
1000 4275 1027 4342 2)
1047 4272 1081 4327 cl.
1095 4272 1195 4327 Daniel
1215 4271 1300 4340 praef.
1322 4270 1514 4325 ‘Floriacensi'

239 4354 307 4422 (scil.
329 4372 395 4408 usus
414 4356 457 4408 est
480 4352 505 4405 is
525 4353 572 4420 qui
595 4351 722 4405 Servium
742 4349 880 4404 edendum
899 4352 1020 4420 curavit,
1039 4352 1057 4408 i.
1078 4370 1101 4410 e.
1121 4352 1232 4421 Daniel)
1254 4352 1294 4404 ‘in
1313 4350 1421 4421 aliquot
1438 4351 1517 4405 locos

238 4434 394 4503 Georgicon
414 4436 443 4488 et
466 4432 619 4497 Aeneidos,
643 4431 667 4483 si
689 4431 761 4485 benc
784 4429 924 4500 meminit,
949 4431 1015 4500 quia
1037 4433 1062 4486 is
1086 4433 1261 4486 desideratur
1285 4435 1314 4485 et
1338 4431 1457 4486 fortasse
1480 4449 1517 4485 an

240 4513 350 4583 uspiam
369 4513 509 4582 sepositus
529 4513 563 4566 ab
583 4508 687 4577 amico,
707 4511 737 4563 in
755 4508 833 4563 cuius
852 4527 966 4565 manum
986 4512 1130 4582 depositus
1150 4512 1261 4567 fuerat’.
1348 4516 1375 4580 3)
1394 4511 1516 4565 Thoma-

238 4594 295 4649 sius
314 4594 344 4647 in
362 4592 482 4646 Parisini
501 4593 592 4662 primo
611 4589 681 4644 folio
700 4591 751 4643 sub
775 4607 808 4644 eo
826 4590 903 4660 loco,
926 4592 956 4646 in
980 4611 1035 4661 quo
1055 4591 1167 4647 Pithoei
1186 4609 1287 4646 nomen
1311 4591 1446 4661 scriptum
1465 4594 1517 4660 est,

237 4691 363 4729 rasurum
383 4691 444 4728 esse
463 4671 547 4728 vidit:
568 4671 687 4725 fortasse
707 4669 833 4726 Danielis
852 4689 954 4726 nomen
972 4670 1012 4725 ibi
1032 4673 1100 4728 olim
1118 4672 1184 4726 fuit:
1209 4670 1233 4725 is
1253 4672 1326 4726 enim
1352 4671 1381 4724 in
1400 4671 1515 4726 scholiis

238 4752 307 4822 ipsis
326 4771 382 4808 non
400 4754 480 4808 nulla
499 4752 620 4807 correxit
638 4753 667 4803 et
686 4751 842 4821 adscripsit.
875 4752 905 4806 in
923 4751 1058 4807 Beruensi
1080 4753 1245 4822 scriptorum
1269 4751 1299 4804 in
1322 4751 1436 4806 scholiis
1455 4751 1516 4806 lau·

240 4835 368 4888 datorum
389 4833 502 4888 nomina
520 4834 549 4887 in
568 4831 699 4888 inferiore
718 4831 843 4903 margine
863 4831 985 4887 iteravit.
