3396 5422
203 333 277 424 Xlrll
735 334 948 392 PRAEFATIO.

203 503 374 564 castrorum
402 505 541 583 vocatur,
570 500 650 565 sicut
678 499 820 581 superias
851 500 966 564 dictum
996 505 1041 564 cst
1071 499 1238 565 simillima
1267 506 1342 567 sunt
1365 503 1416 568 his
1441 505 1481 569 ad

203 603 283 669 Aen.
305 604 321 668 l
346 607 387 671 83
412 606 543 671 scholiis
572 629 673 671 rom
705 607 805 671 omnis
832 609 931 672 exitus
949 611 1044 690 porto
1065 609 1192 690 dicitur,
1227 611 1318 690 quasi
1340 631 1402 692 qua
1423 634 1481 694 po·

203 716 260 776 test
293 713 339 778 oet
374 714 539 794 importari
574 713 620 777 cet
656 714 813 794 asportari
849 713 976 795 aliquid.
1030 715 1099 793 [aut
1133 715 1199 778 ideo
1236 714 1373 801 ‘porto’,
1405 720 1481 799 qaia

70 864 71 868 ,
140 890 143 902 .
187 818 358 906 '‘cyminc'
386 821 522 896 diceret
556 840 631 883 uum
650 824 744 901 portu
770 821 899 900 proprie
925 825 982 883 aut
1012 820 1098 884 urbis
1130 826 1187 884 aut
1217 828 1387 887 castrorum
1414 828 1481 906 est]

203 925 370 990 dubitasse
394 925 542 989 videntur
567 929 689 990 veteres
712 926 907 1008 interpretes
932 947 987 989 cur
1005 930 1134 1010 portam
1157 927 1276 993 dixerit
1298 933 1395 1013 poeta
1418 931 1483 995 exi-

204 1036 274 1097 tum
303 1032 343 1096 ab
366 1031 468 1096 Aeolo
499 1033 605 1096 ventis
633 1035 791 1116 paratum.
830 1037 927 1117 atque
956 1032 1086 1098 Servius
1115 1056 1183 1098 rem
1212 1035 1402 1119 simpliciter
1431 1059 1482 1101 ex-

205 1138 336 1223 pedivit,
360 1139 444 1203 alter
463 1138 654 1203 scholiastes
674 1138 828 1203 subtilius
844 1138 883 1202 ad
903 1138 1065 1222 ‘agmine'
1084 1140 1260 1204 militarem
1279 1163 1400 1225 vocem,
1418 1166 1483 1227 qua

205 1247 239 1310 in
268 1245 417 1331 proximo
448 1267 543 1309 versu
573 1243 741 1328 Vergilius
776 1268 853 1309 usus
882 1249 963 1327 erat,
993 1247 1195 1330 provocavit,
1225 1250 1262 1310 ut
1291 1251 1419 1331 portam
1451 1253 1484 1314 et

205 1354 295 1417 urbis
326 1357 359 1417 et
388 1356 570 1418 castrorum
600 1351 766 1437 propriam
798 1351 899 1416 fuisse
934 1343 1072 1418 doceret.
1116 1357 1289 1437 utrumque
1322 1353 1483 1420 scholium

206 1460 328 1525 Isidoro
353 1461 521 1544 cognitum
539 1460 616 1543 fuit,
644 1481 748 1543 neque
778 1458 959 1524 dubitarem
990 1461 1068 1543 quin
1090 1460 1219 1543 plenius
1248 1459 1353 1525 Servii
1381 1483 1483 1526 exem·
1534 1442 1538 1451 ¹

205 1567 278 1651 plar
301 1567 331 1630 ei
351 1568 391 1631 ad
405 1589 538 1631 manum
561 1567 661 1630 fuisse
685 1566 907 1650 concederem,
930 1567 993 1631 nisi
1015 1567 1067 1630 his
1092 1589 1174 1651 quae
1194 1567 1367 1632 revocandi
1386 1574 1494 1635 causa'

206 1673 317 1739 addita
340 1677 417 1738 sunt
439 1675 518 1739 aaut
538 1675 680 1756 superius
702 1674 817 1738 dietam
840 1678 885 1738 est
907 1673 1090 1757 impedirer.
1129 1696 1302 1758 quaecum
1320 1677 1484 1759 nequead

206 1805 251 1846 or.
274 1781 320 1846 IX
344 1782 379 1864 3,
403 1781 446 1845 44
474 1802 576 1864 neque
606 1781 646 1845 ad
672 1780 732 1845 XV
756 1781 790 1864 2,
817 1780 871 1864 13,
899 1781 1016 1865 quibus
1044 1780 1124 1845 locis
1152 1780 1191 1845 de
1220 1781 1335 1850 castris
1365 1784 1483 1868 agitur,

207 1886 252 1952 ac'
266 1910 307 1951 ne
327 1886 368 1950 ad
386 1886 498 1970 11112,
522 1888 542 1951 3
562 1886 705 1971 quidem,
728 1886 785 1950 ubi
805 1885 938 1951 Catonis
963 1887 1001 1950 de
1025 1887 1104 1951 urbe
1129 1887 1294 1953 condenda
1312 1894 1485 1973 praecepta

207 1996 503 2059 commemorantur
535 1993 589 2058 sed
628 1997 809 2057 castrorum
843 1993 935 2057 nulla
968 1994 1088 2058 mentio
1120 1994 1172 2077 fit,
1204 1995 1316 2059 referri
1349 1997 1486 2079 possint,

208 2103 349 2186 suspicio
375 2101 492 2184 oritur,
521 2101 683 2166 Isidorum
710 2105 831 2165 temere
860 2122 898 2164 ea
922 2122 960 2164 ex
984 2100 1108 2165 scholio
1136 2102 1222 2185 quod
1254 2102 1488 2167 transcriberet

208 2210 397 2293 arripuisse,
420 2230 492 2272 cum
516 2209 707 2293 praesertim
731 2207 799 2271 eius
823 2207 911 2272 modi
939 2207 1125 2272 remittendi
1153 2208 1312 2272 formulae
1334 2209 1369 2272 in
1392 2208 1485 2274 scho-

207 2317 260 2380 liis
274 2316 475 2400 Vergilianis
490 2315 771 2400 frequentissimae
795 2314 861 2378 sint
875 2312 930 2400 (cf.
947 2338 977 2398 p.
992 2311 1094 2399 XIV).
1131 2318 1227 2399 atque
1251 2315 1399 2379 voluerat
1422 2315 1486 2380 for-

207 2427 295 2487 tasse
319 2423 478 2506 interpres
507 2423 562 2486 ille
590 2422 751 2486 scholium
779 2422 912 2505 aliquod
939 2420 978 2484 ad
1007 2441 1117 2504 georg.
1140 2418 1188 2484 IV
1213 2422 1253 2486 78
1286 2422 1486 2507 adscriptum

208 2531 241 2594 in
264 2529 454 2603 memoriam
479 2529 638 2612 revocari,
666 2550 761 2612 quem
790 2528 829 2592 ad
857 2550 986 2592 versum
1013 2526 1051 2590 de
1078 2527 1215 2591 militari
1244 2531 1280 2591 ut
1306 2528 1354 2591 ita
1381 2528 1486 2592 dicam

208 2641 376 2722 portarurn
408 2659 469 2700 usu
499 2636 561 2700 dici
590 2636 735 2719 potuisse
765 2656 860 2698 nemo
891 2633 1032 2717 negabit.
1075 2655 1157 2717 quae
1190 2634 1218 2698 si
1248 2639 1335 2699 recte
1366 2635 1487 2700 conieci

210 2743 434 2810 Caesellanum
459 2743 500 2808 ad
525 2741 603 2806 Aen.
625 2742 642 2806 I
665 2742 707 2806 83
732 2741 893 2805 scholium
916 2743 1052 2804 nonest
1072 2739 1190 2824 Servii,
1214 2763 1309 2824 quem
1334 2743 1487 2827 georgica

208 2855 284 2934 post
309 2849 483 2915 Aeneidem
507 2849 756 2933 interpretatum
781 2869 850 2911 esse
875 2850 967 2912 const
989 2851 1012 2911 t.

299 2956 351 3023 Or.
374 2957 437 3022 XV
457 2958 492 3040 8,
515 2957 534 3021 8
558 2955 702 3019 Isidorus
720 2954 889 3038 vulgatum
914 2953 954 3017 ad
978 2953 1057 3018 Aen.
1076 2955 1092 3019 Ι
1111 2953 1182 3043 505
1197 2954 1356 3019 scholium
1375 2957 1486 3039 paucis

210 3064 345 3128 mutatis
355 3063 560 3147 transcripsit
569 3063 661 3146 eique
672 3060 795 3152 addidit
806 3083 888 3145 quae
902 3060 988 3124 inter
1003 3059 1107 3126 Servii
1119 3061 1220 3126 libros
1231 3084 1313 3125 unus
1326 3059 1487 3126 (tessella-

209 3193 272 3235 nus
295 3170 396 3234 habet
418 3167 463 3256 (p.
489 3171 564 3253 158,
589 3168 623 3255 6)
647 3169 706 3234 atii
724 3169 903 3233 testudinem
921 3169 1027 3233 colunt
1048 3190 1110 3234 esse
1129 3170 1228 3234 locum
1247 3170 1282 3233 ia
1300 3175 1394 3252 purte
1411 3171 1488 3234 atrii

210 3279 373 3343 adversum
402 3277 597 3342 venientibus,
641 3298 744 3360 neque
774 3281 885 3341 tamen
919 3276 1088 3360 probabile
1120 3280 1169 3341 est
1199 3298 1216 3339 e
1247 3275 1356 3340 codice
1386 3277 1487 3360 ipsius

212 3383 392 3450 (lessellani
423 3384 524 3449 simili
559 3383 639 3448 haec
671 3383 774 3468 petita
804 3405 883 3447 esse.
928 3406 1005 3447 nam
1039 3405 1120 3467 quae
1143 3383 1228 3446 inter
1259 3383 1429 3466 vulgatum
1457 3386 1490 3447 et

211 3492 349 3557 alterum
374 3490 534 3556 scholium
557 3491 666 3574 posita
690 3495 766 3555 sunt
790 3487 833 3577 (p.
858 3488 936 3572 157,
960 3489 1002 3554 20
1021 3528 1063 3536 -
1082 3513 1112 3573 p.
1134 3490 1210 3573 158,
1234 3485 1268 3575 6)
1292 3511 1488 3574 quamquam

210 3622 276 3666 non
299 3602 452 3684 poterant
474 3620 540 3662 non
559 3591 752 3681 dignissima
769 3597 871 3661 rideri
891 3620 973 3681 quae
999 3598 1229 3680 reciperentur,
1252 3594 1397 3660 Isidorus
1423 3618 1488 3660 non

212 3706 392 3789 exscripsit.
429 3708 485 3768 aut
512 3704 613 3789 igitur
645 3704 746 3767 alium
769 3707 898 3788 praeter
924 3702 1114 3768 Servianum
1144 3703 1411 3767 commentarium
1440 3702 1487 3766 in-

213 3812 332 3896 spexit,
356 3815 412 3875 aut
435 3833 474 3875 ex
492 3811 655 3895 originum
674 3811 758 3874 libro
777 3811 810 3874 in
829 3810 1008 3894 pleniorem
1022 3809 1164 3874 codicem
1183 3810 1282 3874 verba
1303 3809 1363 3873 illa
1385 3812 1489 3873 trans·

214 3920 283 3983 lata
307 3921 389 3982 sunt.
425 3917 510 3981 idem
533 3917 740 3982 iudicandum
755 3920 805 3980 est
829 3915 867 3979 de
882 3914 934 3978 his
957 3915 1073 3979 Isidori
1091 3915 1199 3980 verbis
1215 3911 1275 4000 (or.
1289 3911 1351 3977 XV
1367 3915 1417 3997 16,
1434 3911 1490 3998 11)

213 4026 346 4091 divortio
372 4030 445 4089 suut
471 4025 570 4106 (tecua
598 4025 736 4101 aarum,
767 4022 821 4086 boc
847 4027 892 4087 est
916 4022 984 4086 aiae
1010 4023 1045 4085 in
1073 4024 1194 4087 diverso
1221 4023 1380 4086 tendentes.
1417 4022 1490 4084 item

212 4133 392 4197 diverticulo
414 4138 500 4215 aaut,
527 4131 581 4196 boc
609 4135 653 4195 est
680 4131 815 4194 diversae
844 4150 881 4192 uc
903 4129 1019 4193 divisae
1047 4129 1115 4192 viae
1137 4129 1200 4193 sive
1228 4134 1420 4192 transversae
1445 4147 1490 4191 se-

212 4242 319 4319 mitae,
347 4261 426 4322 qaae
452 4244 526 4304 suat
552 4261 573 4304 a
601 4240 694 4304 tatere
720 4238 788 4301 ciac
816 4234 1041 4301 eumseholio
1071 4236 1110 4300 ad
1139 4235 1219 4300 Aen.
1243 4233 1290 4299 IX
1315 4234 1378 4299 379
1404 4232 1490 4318 quod

212 4348 300 4412 infra
332 4347 446 4431 scripsi
479 4345 688 4429 comparatis:
740 4365 782 4408 An
817 4365 973 4407 nrrorrrr
1012 4343 1092 4422 [viae
1121 4343 1156 4406 ia
1188 4343 1309 4406 diuerso
1341 4341 1491 4404 mantes

210 4454 267 4519 boc
292 4455 349 4534 est]
373 4455 417 4518 ad
442 4453 625 4517 deverticulo
651 4452 719 4514 ciac
747 4451 911 4514 militaris:
946 4449 1105 4514 Terentius
1133 4448 1202 4512 ‘uti
1229 4449 1272 4512 ud
1293 4449 1396 4530 docum
1422 4445 1492 4510 veui

212 4558 452 4626 deverticulam'.
489 4559 670 4623 deverticula
695 4563 797 4622 auam
818 4563 893 4623 suat
914 4558 1039 4622 semitae
1061 4562 1256 4621 transversae
1277 4575 1355 4636 qaue
1376 4558 1450 4618 arnt
1471 4573 1492 4616 a

214 4668 307 4732 tutare
328 4669 396 4731 vtae
414 4667 571 4730 militarie.
608 4687 685 4728 nam
704 4664 783 4728 duas
804 4662 981 4730 ‘divortia'
1005 4663 1093 4728 vocis
1112 4661 1398 4744 interpretationes
1418 4658 1492 4723 ‘hoc

214 4770 281 4838 est'
303 4772 444 4837 formula
467 4769 663 4854 interposita
689 4770 797 4854 inepte
825 4769 1012 4834 coniunctas
1041 4789 1111 4831 esse
1139 4789 1204 4831 non
1233 4769 1283 4830 est
1310 4765 1396 4851 quod
1424 4787 1491 4830 mo-
