3396 5422
243 384 359 440 LXVIII
768 380 984 437 PRAEFATIO.

1343 508 1350 521 Ι

240 549 357 613 hibent
385 546 530 613 Serviani
558 547 649 631 libri,
678 545 830 610 leccator
858 542 1086 609 Floriacensis.
1133 542 1213 607 Aen.
1241 543 1257 606 l
1286 544 1308 607 4
1336 543 1349 630 (
1373 593 1380 608 .
1407 546 1462 628 11,
1488 542 1520 631 1)

241 678 300 740 pro
317 656 467 738 ponimus
489 659 521 719 et
533 654 721 737 formonsa,
744 674 826 736 quae
851 655 928 716 sunt
951 651 1133 715 breviorum
1154 649 1313 715 librorum
1333 652 1521 736 scripturae,
1574 717 1578 724 ,

238 764 343 848 posito
365 767 439 827 scat
462 765 495 828 et
514 762 655 842 formato
679 759 814 843 praebet
839 755 1055 823 Cassellanus.
1098 757 1132 821 in
1155 756 1269 822 eodem
1292 756 1308 820 Ι
1333 758 1375 822 26
1399 755 1445 845 (p.
1469 760 1522 844 22,

242 866 300 955 22)
328 871 428 934 aliiue
457 890 516 953 pro
543 869 662 932 odimur
688 865 816 951 legitur.
852 863 884 928 V
913 865 977 929 822
1005 860 1048 948 (p.
1074 864 1153 948 651,
1178 861 1233 948 17)
1262 866 1348 946 opud
1372 864 1518 930 111811-

243 978 287 1041 vii
320 977 446 1042 codices
479 974 602 1040 habent
634 975 721 1057 opud
754 973 886 1038 Latinos
918 970 1134 1037 Cassellanus.
1183 970 1324 1036 fortasse
1354 973 1413 1037 1111
1445 994 1523 1058 quo·

245 1105 307 1169 que
329 1083 392 1147 huc
415 1083 579 1166 pertinent
603 1102 684 1165 quae
709 1079 749 1144 ed
773 1077 855 1141 Aen.
877 1075 997 1141 X'314
1025 1075 1126 1141 ‘latus
1160 1077 1269 1141 haurit
1299 1079 1465 1162 apertum'
1489 1081 1523 1144 in

244 1189 445 1256 Floriacensi
469 1189 626 1254 adnotata
654 1190 731 1251 sunt
757 1185 885 1268 quidum
913 1184 1054 1249 italicum
1077 1184 1273 1250 elocutionem
1290 1190 1423 1267 peace
1454 1207 1523 1250 curo

244 1299 326 1363 euim
349 1318 370 1361 o
395 1297 488 1361 111111
505 1296 575 1378 qais
588 1295 722 1376 aliquem
735 1293 863 1357 edoctus
878 1291 984 1373 plodio
998 1293 1107 1357 occidit
1128 1291 1249 1357 ‘horeat
1271 1292 1377 1357 illum'
1400 1294 1524 1358 dicuat:

243 1404 308 1468 nisi
331 1403 489 1467 Italorum
514 1423 620 1466 sermo
643 1400 706 1464 hoc
729 1398 853 1463 scholio
878 1419 951 1461 cum
974 1398 1098 1464 urbano
1123 1404 1338 1484 comparatur.

334 1510 383 1574 De
413 1511 484 1574 loco
517 1531 580 1593 quo
609 1508 735 1591 plenior
764 1505 1015 1571 commentarius
1046 1507 1247 1589 compositus
1276 1508 1325 1570 est
1353 1507 1415 1570 etsi
1443 1507 1525 1571 nihil

245 1617 350 1681 habeo
367 1615 452 1700 quod
467 1615 636 1680 adfirmare
650 1614 786 1698 possim,
805 1634 856 1676 res
871 1616 980 1676 tamen
995 1611 1153 1697 quasdam
1169 1613 1429 1677 commemorabo
1444 1635 1525 1697 quae

247 1723 360 1788 dubito
385 1744 426 1786 an
450 1722 490 1787 ad
514 1743 584 1785 eam
608 1721 832 1805 quaestionem
861 1718 1053 1803 pertineant.
1092 1721 1187 1802 atque
1216 1741 1289 1785 eum
1317 1741 1429 1784 omnes
1457 1718 1524 1784 lere

245 1828 413 1895 Danielini
435 1830 511 1894 libri
534 1829 569 1892 in
592 1826 730 1892 Francia
752 1826 875 1890 inventi
900 1825 977 1908 sint,
1005 1824 1051 1889 ibi
1076 1824 1231 1890 Seruiana
1250 1830 1434 1892 commenta
1452 1849 1525 1912 sup-

249 1938 337 2022 pleta
362 1939 394 2000 et
417 1941 512 2001 aucta
536 1958 607 2000 esse
631 1934 814 2001 conieceris.
857 1932 912 1997 sed
940 1954 1011 1997 cum
1035 1955 1138 2017 neque
1161 1934 1194 1997 in
1219 1932 1400 1998 Turonensi
1422 1955 1526 2019 neque

248 2045 283 2108 in
305 2042 504 2108 Floriacensi
527 2048 584 2107 aut
607 2039 885 2107 Autissiodorensi
914 2061 931 2102 e
961 2039 1106 2124 pleniore
1134 2040 1168 2103 in
1196 2040 1337 2123 primum
1361 2043 1394 2104 et
1417 2063 1526 2107 secun-

251 2150 327 2215 dum
350 2148 504 2213 Aeneidis
527 2149 647 2213 librum
667 2147 900 2212 commentario
920 2146 1096 2231 quidquam
1121 2146 1319 2230 adscriptum
1344 2147 1400 2230 sit,
1423 2148 1450 2212 is
1470 2152 1528 2213 aut

249 2279 427 2341 numquam
459 2259 515 2320 aut
549 2254 704 2339 perbreve
739 2258 867 2338 tempus
903 2255 937 2318 in
966 2252 1104 2319 Francia
1137 2253 1238 2319 fuisse
1268 2253 1405 2319 videtur.
1452 2255 1527 2319 inde

252 2366 339 2428 recte
363 2364 397 2427 ni
427 2362 523 2427 fallor
551 2362 717 2447 colligitur
745 2383 818 2426 eum
843 2383 968 2446 quoque
999 2361 1131 2446 librum,
1159 2361 1242 2426 unde
1271 2361 1320 2425 illi
1348 2361 1404 2445 qui
1431 2361 1526 2426 hodie

249 2469 430 2535 Beruenses
455 2473 531 2534 sunt
553 2468 715 2553 1111111111,
740 2468 868 2533 aliunde
883 2468 922 2533 ad
937 2467 1080 2533 Francos
1100 2468 1306 2552 adportatum
1321 2490 1399 2533 esse.
1438 2469 1527 2533 cuius

249 2576 327 2640 libri
349 2576 434 2641 hanc
460 2575 560 2641 fuisse
589 2575 704 2659 opinor
728 2575 901 2660 rationem,
929 2578 966 2640 ut
989 2575 1212 2640 bucolicorum
1241 2579 1275 2640 et
1301 2575 1526 2661 georgicorum

251 2683 417 2767 margines
440 2683 638 2748 Bernensem
661 2682 717 2766 qui
740 2685 873 2746 vocatur
893 2683 1159 2747 commentarium
1177 2681 1349 2766 haberent,
1374 2681 1527 2747 Aeneidis

250 2789 327 2854 libri
351 2789 414 2856 duo
438 2790 561 2874 priores
586 2788 719 2853 scholiis
740 2791 900 2871 carerent,
924 2788 964 2853 ad
978 2789 1120 2874 reliquos
1134 2789 1261 2872 plenior
1275 2789 1527 2854 commentarius

251 2896 434 2981 adscriptus
458 2899 552 2961 esset.
595 2918 633 2960 ex
656 2895 719 2961 hoc
738 2917 820 2979 qnae
841 2895 881 2960 ad
899 2895 1046 2961 bucolica
1066 2899 1099 2960 11
1117 2896 1270 2980 georgica
1292 2896 1528 2981 pertinuerunt,

250 3025 388 3088 quorum
415 3003 573 3088 reliquiae
601 3001 824 3066 Lemovicensi
853 3002 959 3066 codice
988 3003 1206 3088 continentur,
1234 3024 1380 3068 seorsum
1407 3004 1529 3088 scripta

252 3111 344 3173 erant
352 3104 390 3193 ¹),
414 3108 490 3192 quia
513 3106 696 3191 Vergiliani
718 3107 806 3172 illius
832 3107 1025 3190 exemplaris
1050 3108 1212 3192 margines
1235 3108 1414 3174 Bernensia
1437 3111 1528 3176 scho-

250 3216 296 3280 lia
320 3216 569 3299 occupaverant:
597 3212 772 3279 Fuldensia
795 3216 904 3277 autem
927 3213 995 3278 sive
1020 3210 1210 3280 Casuellana
1233 3220 1418 3282 commenta
1435 3239 1530 3302 prop·

250 3327 301 3387 ter
325 3320 571 3406 amplitudinem
594 3306 660 3385 non
683 3319 876 3384 videbantur
905 3324 979 3403 epte
1003 3320 1066 3404 ipsi
1090 3321 1194 3404 primo
1219 3325 1252 3386 et
1275 3323 1415 3389 secundo
1443 3323 1528 3388 libro

251 3428 401 3494 adscribi.
443 3426 617 3493 Bernensis
641 3429 749 3491 autem
778 3427 1004 3491 commentarii
1028 3431 1140 3493 auctor
1162 3429 1214 3493 his
1239 3451 1320 3513 quae
1349 3430 1391 3494 ad
1419 3451 1529 3516 georg.

250 3536 284 3600 II
310 3534 374 3599 115
398 3534 581 3620 ‘pictosque
605 3533 763 3599 Gelonos'
793 3533 962 3599 adnotavit
984 3556 1060 3617 quos
1082 3534 1165 3621 (scil.
1188 3533 1310 3622 Pictos)
1339 3538 1399 3603 ciii
1425 3538 1531 3602 dicunt

255 3641 421 3709 Orao'thocec
442 3642 499 3707 dioc
521 3643 574 3707 sed
593 3642 673 3723 fotae
696 3641 901 3705 subtiliorem
925 3642 1086 3725 quandam
1101 3643 1289 3707 celtiearum
1303 3665 1410 3708 rerum
1430 3643 1530 3708 scien·

251 3751 332 3814 tiam
357 3749 509 3813 ostendit.
552 3745 606 3834 (ef.
631 3770 712 3832 quae
727 3746 948 3812 Mommsenus
969 3746 1007 3811 de
1031 3748 1082 3812 his
1106 3750 1214 3814 verbis
1238 3772 1318 3814 mus.
1333 3748 1436 3815 Rhen.
1451 3748 1529 3814 XVI

251 3879 283 3940 p.
306 3855 369 3919 447
391 3876 436 3937 sq.
459 3853 566 3936 dixit.)
597 3876 669 3918 cum
697 3852 916 3918 Bernensibus
942 3852 1073 3918 scholiis
1101 3855 1188 3920 Iunii
1216 3855 1381 3941 Filargirii
1409 3855 1530 3921 bueoli·
1604 3921 1608 3927 ,

253 3984 362 4027 corum
387 3960 572 4043 explanatio
598 3959 636 4024 de
661 3982 725 4044 qua
747 3981 829 4024 mus.
844 3959 946 4024 Rhen.
961 3959 1023 4023 XV
1038 3983 1068 4044 p.
1091 3963 1152 4026 119
1168 3986 1236 4047 sqq.
1250 3963 1317 4027 dixi
1336 3963 1530 4048 cognatione

253 4067 393 4153 quadam
421 4068 617 4132 continetur:
660 4089 757 4151 quam
790 4067 825 4130 in
851 4065 1025 4132 Britannia
1053 4091 1091 4132 ex
1120 4071 1263 4154 antiquis
1291 4070 1529 4135 commentariis

253 4177 440 4258 excerptam
450 4195 520 4238 esse
535 4174 587 4238 his
597 4174 754 4259 probatur
766 4195 847 4257 quae
857 4173 981 4238 scholio
994 4175 1033 4238 ad
1046 4175 1114 4240 buc.
1124 4175 1174 4240 III
1185 4177 1229 4241 90
1244 4177 1406 4262 spectanti
1420 4176 1531 4240 addita

253 4284 329 4347 sunt
355 4286 391 4345 111
417 4279 596 4346 Aocoooos
628 4277 742 4367 dicite)
789 4279 821 4344 id
841 4281 925 4377 enim
954 4305 1072 4348 nomen
1092 4282 1176 4368 apud
1199 4283 1376 4349 Britannos
1409 4285 1442 4347 in
1469 4305 1530 4347 usu

344 4511 368 4579 1)
388 4508 440 4564 sed
458 4509 520 4579 ipsa
538 4526 648 4579 quoque
671 4509 701 4563 in
718 4509 873 4580 Vergiliani
892 4511 956 4567 libri
975 4512 1147 4583 marginibus
1167 4512 1234 4566 olim
1254 4512 1360 4582 scripta
1377 4510 1461 4566 fuisse
1486 4510 1531 4565 his

254 4590 391 4659 probatur
409 4605 482 4658 quae
501 4605 596 4659 georg.
615 4591 628 4642 Ι
648 4595 680 4643 19
704 4589 733 4643 in
752 4588 945 4646 Lemovicensi
964 4593 1096 4663 leguntur
1116 4591 1205 4647 ‘cuius
1224 4610 1294 4648 uxor
1322 4590 1447 4662 cyntinia
1465 4607 1531 4660 pue-

254 4687 317 4723 rum
335 4668 393 4738 trip
412 4689 527 4724 enorme
546 4671 681 4724 tolemum
701 4671 868 4739 pepererat’.
899 4672 1029 4727 nimirum
1049 4690 1112 4727 oum
1132 4670 1239 4727 scholio
1253 4673 1283 4726 in
1298 4672 1441 4742 superiore
1459 4687 1531 4724 mar·

254 4749 320 4817 giue
339 4748 432 4818 posito
447 4749 569 4804 indicem
587 4748 708 4819 paginae
727 4748 874 4819 imperitus
898 4750 1029 4805 librarius
1048 4751 1203 4820 exscripsit.
1312 4754 1338 4821 ⁶2)
1359 4752 1433 4820 quod
1452 4750 1532 4805 utin

256 4826 492 4884 Autissiodorensi
511 4830 552 4884 ita
569 4830 600 4883 in
618 4828 671 4883 hac
690 4829 886 4900 explanatione
906 4830 991 4886 iricae
1011 4831 1122 4900 glossae
1144 4831 1211 4886 satis
1231 4831 1335 4888 multae
1353 4831 1533 4886 inveniuntur
