3396 5422
257 384 323 449 572
834 382 955 440 snssvn

256 550 422 615 Asconius.
534 576 686 615 rvxruruu
709 576 855 616 rurroarr
887 550 967 614 sicat
1001 551 1116 614 dietum
1151 555 1210 630 cst,
1246 549 1286 614 ab
1321 548 1473 615 Euandro
1509 553 1539 614 ct

259 656 376 721 Fuscus.
1265 653 1270 662 ’

345 764 419 829 617.
457 783 605 830 morarer
629 782 768 830 svonvu
790 783 929 829 rvnnnr
952 769 1008 828 aot
1029 766 1242 847 dardanorum,
1269 768 1326 827 aad
1351 764 1487 828 crudelia
1509 769 1539 828 et

256 891 380 954 mopaa,
401 871 481 936 sieut
502 876 611 937 oderes
634 871 789 936 dicebant:
817 869 976 937 ‘suarum'
1003 876 1106 936 autem
1135 870 1293 935 Pallantis
1322 869 1401 935 dicit
1428 874 1461 935 et
1488 892 1537 935 ee·

117 1038 121 1047 ,
166 966 171 975 ’
221 989 238 1037 o
257 981 408 1042 tororum.

345 1085 419 1150 618.
456 1104 553 1153 Pacls
576 1103 720 1163 INIQvnn
742 1090 780 1151 ut
803 1108 900 1170 supra
924 1085 962 1169 <1
987 1086 1027 1168 6>
1052 1084 1202 1166 diximus,
1224 1088 1358 1168 propter
1377 1085 1537 1169 perditam

256 1190 412 1276 linguam,
435 1192 594 1278 habitum,
617 1216 742 1277 nomen,
766 1216 848 1279 quae
872 1195 956 1258 solet
978 1195 1083 1258 victor
1105 1193 1273 1276 inponere,
1298 1193 1441 1259 sicutte
1463 1192 1536 1259 XII.

256 1299 365 1383 (823)
389 1301 535 1384 postulat
557 1300 648 1367 Iuno.

346 1407 419 1473 620.
456 1425 522 1473 sno
547 1425 663 1473 canan
691 1426 781 1472 Anda
809 1425 898 1472 mun
927 1405 1008 1472 (lato
1039 1407 1118 1471 dicit
1150 1407 1242 1472 iuxta
1273 1407 1536 1473 Laurolauinium

205 1526 237 1573 10
257 1537 329 1581 oum
357 1516 486 1583 Aeneae
514 1517 593 1583 socii
621 1517 756 1601 praedas
784 1519 933 1601 agerent,
965 1515 1126 1598 proelium
1155 1515 1377 1599 commissum,
1409 1515 1444 1580 in
1472 1538 1536 1600 quo

257 1621 394 1689 Latinus
425 1624 549 1690 occisus
580 1629 643 1708 est,
671 1624 756 1709 fugit
785 1624 926 1688 Turnus:
959 1625 992 1685 et
1020 1621 1172 1686 Mezentii
1204 1621 1326 1687 auxilio
1357 1626 1536 1707 conparato

255 1733 414 1796 renouarat
438 1733 601 1813 praelitam,
633 1753 692 1814 quo
724 1732 828 1796 victus
862 1729 990 1815 quidem
1024 1732 1075 1794 est
1108 1729 1148 1793 ab
1182 1730 1305 1816 Aenea,
1337 1731 1394 1814 qui
1425 1735 1537 1795 tamen

257 1837 413 1918 [Aeneas]
433 1838 553 1922 inipso
572 1839 697 1923 proelio
716 1861 781 1904 non
801 1836 980 1922 conparuit.
1017 1835 1176 1901 Ascanius
1195 1858 1264 1902 ocro
1283 1841 1398 1922 postea
1410 1837 1536 1902 Mezen·

257 1946 339 2010 tium
368 1945 542 2010 interemit.
588 1946 644 2009 alii
676 1946 787 2010 dicunt
820 1945 904 2029 quod
937 1945 1042 2009 vietor
1075 1945 1201 2009 Aeneas
1235 1967 1307 2009 cum
1340 1945 1537 2010 sacrificaret

205 2060 237 2109 1⁶
257 2074 354 2137 super
375 2051 550 2117 Numicum
573 2052 707 2117 fluvium
731 2053 841 2136 lapsus
869 2056 932 2135 est,
961 2054 993 2115 et
1021 2051 1089 2115 eius
1119 2073 1177 2116 nec
1205 2051 1341 2116 cadaver
1368 2051 1536 2116 inventum

257 2163 320 2223 est:
350 2159 433 2223 uude
461 2159 541 2224 dicit
573 2157 758 2242 ‘mediaque
790 2158 978 2223 inhumatus
1011 2156 1160 2222 harena'.
1204 2161 1319 2241 postea
1351 2157 1455 2223 dictus
1488 2160 1537 2222 est

255 2266 340 2330 inter
362 2267 439 2337 deos
463 2272 620 2351 receptus.
663 2267 791 2348 periciam
814 2286 882 2330 erem
905 2286 974 2329 cam
995 2266 1157 2330 adversum
1175 2265 1358 2347 Aboripines
1370 2270 1535 2348 prepararet,

256 2374 498 2456 †eatan9uiacm
519 2375 627 2438 oileum
647 2379 807 2456 repertam.
854 2371 941 2436 ‘ante
960 2371 1057 2436 diem'
1082 2374 1201 2456 autem,
1225 2376 1300 2435 ante
1319 2371 1380 2435 fati
1398 2373 1535 2436 necessi·

256 2483 371 2544 tatem:
401 2485 434 2545 et
460 2481 542 2545 bene
566 2481 650 2566 quod
673 2503 809 2565 passura
832 2484 882 2544 est
906 2484 999 2563 optat
1022 2480 1165 2564 Aeneae,
1193 2484 1230 2545 nt
1252 2481 1317 2563 ipsc
1339 2479 1447 2563 <697>
1471 2479 1535 2544 sed

203 2587 399 2655 remisere
421 2591 508 2653 ante
531 2586 640 2653 diem.
730 2614 821 2653 unam
845 2589 958 2671 epacta

345 2695 418 2759 621.
455 2721 534 2761 nure
551 2722 658 2761 rancor
680 2697 715 2760 lul
735 2701 780 2760 est
800 2697 879 2760 aaut
900 2715 997 2776 supra
1019 2695 1135 2758 dietam
1157 2699 1208 2778 est,
1231 2696 1382 2776 inprecor.
1464 2712 1535 2761 cvm

258 2818 435 2867 snnovmn
460 2821 579 2869 nvuno
604 2804 697 2888 quasi
725 2803 962 2886 inprecationes
990 2803 1078 2886 ipsas
1108 2825 1166 2868 suo
1189 2808 1392 2868 consecraret
1414 2826 1535 2869 cruore.

345 2908 419 2973 622.
456 2927 529 2973 Tvn
552 2926 618 2975 vos
643 2884 665 2975 t)
693 2928 786 2974 Tuan
814 2932 879 2974 non
908 2914 984 2974 sunt
1013 2909 1179 2992 mandata,
1207 2910 1262 2974 sed
1290 2911 1537 2996 inprecationes,

257 3018 294 3079 ut
317 3015 511 3080 dissentiant
539 3017 689 3082 omnibus
717 3017 829 3097 rebus,
859 3017 943 3080 sicut
973 3020 1006 3080 et
1033 3015 1154 3081 factum
1183 3020 1242 3080 est.
1287 3040 1363 3082 nam
1391 3019 1419 3082 si
1446 3040 1535 3082 man·

203 3133 238 3180 ee
258 3121 335 3186 data
359 3126 449 3206 sunt,
472 3123 634 3206 quomodo
658 3122 778 3208 ‘genus
801 3121 988 3186 futurum'?

348 3230 421 3295 623.
459 3247 643 3295 nxnncnnn
666 3230 699 3293 id
722 3233 773 3294 est
795 3228 944 3314 fatigate.

328 3405 443 3477 reato]
463 3423 502 3461 or.
522 3406 534 3460 I
555 3412 586 3460 11
607 3407 692 3472 Iord,
714 3412 747 3460 10
765 3405 824 3460 Pet.

330 3574 342 3619 1
364 3568 401 3621 ad
420 3566 554 3620 auxilium
573 3566 591 3621 i.
610 3583 686 3635 sapa
705 3582 771 3620 cers.
791 3565 864 3620 sieut
881 3564 950 3620 facit
968 3566 1004 3621 ab
1023 3567 1147 3621 euandro
1165 3569 1195 3622 ct
1212 3567 1300 3622 tuscis
1321 3567 1352 3624 Τ.
1380 3568 1444 3635 fort.
1465 3569 1536 3624 sicut

257 3636 361 3692 factum
386 3642 441 3704 est,
465 3638 501 3693 ab
520 3637 652 3693 Euandro
676 3640 705 3692 et
723 3637 820 3691 Tuscis
842 3640 852 3706 1
879 3643 894 3689 3
914 3638 952 3690 ad
969 3637 1086 3706 indigna
1103 3654 1179 3707 supr.
1198 3655 1264 3693 ocra.
1284 3639 1334 3694 aut
1356 3639 1536 3710 indignorum

317 3709 461 3775 dicebant,
480 3710 511 3762 ia
524 3725 610 3778 morp.
630 3711 665 3763 ab
684 3710 743 3775 alia
760 3726 846 3762 uranu
863 3708 980 3777 indigna
997 3707 1044 3762 uel
1060 3708 1188 3763 crudelia
1206 3713 1235 3764 et
1253 3727 1356 3780 magna
1373 3712 1420 3765 uel
1439 3728 1537 3766 reuera

256 3779 373 3848 indigna
394 3780 419 3832 Τ
442 3784 453 3850 1
479 3780 685 3852 coeterorum]
710 3781 849 3835 sociorum
872 3780 988 3833 additur
1005 3782 1086 3849 oalyo
1113 3783 1123 3847 1
1150 3787 1165 3834 7
1187 3798 1289 3834 nomen
1308 3799 1341 3836 ea
1359 3799 1462 3837 numen
1481 3783 1512 3835 F
1527 3786 1536 3853 1

256 3855 273 3903 8
292 3868 378 3905 naono
397 3869 449 3905 avr
469 3870 572 3906 orum
590 3872 656 3906 nvos
675 3871 796 3906 rnvrrva
814 3850 903 3904 tribus
921 3852 1031 3905 tantum
1051 3851 1131 3905 annis
1149 3852 1279 3921 regnauit
1301 3851 1329 3906 in
1353 3853 1439 3907 tertio
1463 3871 1536 3909 anno

257 3922 415 3977 submersus
439 3925 467 3976 in
490 3923 575 3978 fluvio
594 3923 728 3978 Numieo:
761 3921 901 3976 Iuvenalis
925 3927 979 3990 (11,
999 3927 1044 3988 63)
1066 3922 1155 3976 ‘alter
1175 3924 1254 3990 aquis
1272 3923 1345 3978 alter
1362 3924 1481 3978 flammis
1500 3925 1536 3979 ad

256 3993 349 4048 sidera
362 3993 485 4063 missus’,
504 3994 653 4064 designans
663 3997 786 4049 Aeneam
801 3994 983 4060 submersum,
997 3993 1147 4048 Herculem
1163 3995 1346 4050 combustum.
1362 3995 1514 4050 Fabricius
1528 4000 1537 4066 1

257 4071 289 4119 10
304 4065 385 4136 socii]
405 4067 476 4120 socri
491 4066 521 4119 F
531 4068 542 4135 11
555 4067 672 4135 praedes
686 4067 755 4120 NH
771 4065 900 4135 (praedas
915 4066 968 4133 1111
984 4071 1015 4119 12
1030 4066 1097 4137 quo]
1117 4066 1166 4134 qui
1184 4066 1289 4120 Daniel
1298 4068 1409 4134 pamas
1421 4069 1431 4137 1
1445 4065 1537 4121 victus

255 4135 369 4204 quidem
387 4137 443 4208 est]
468 4137 526 4207 ipse
549 4137 663 4206 quidem
682 4139 773 4192 uictus
793 4137 837 4192 est
855 4136 885 4189 F
905 4137 915 4205 1
943 4136 991 4204 qui
1009 4139 1104 4191 tamen
1122 4136 1244 4207 Aeneas]
1267 4155 1367 4192 aeneas
1386 4141 1480 4193 autern
1500 4138 1536 4193 F.

253 4209 364 4262 Aeneas
382 4225 431 4263 om.
454 4210 490 4262 M
506 4210 516 4277 1
543 4215 574 4261 13
594 4209 765 4263 mezencium
784 4209 810 4262 L
827 4210 837 4278 1
862 4213 895 4261 14
914 4209 988 4276 quod
1007 4225 1057 4263 om.
1077 4208 1107 4261 F
1123 4212 1133 4279 1
1157 4209 1316 4263 mereins
1333 4227 1386 4264 nec
1406 4210 1535 4280 cadaver]

254 4295 306 4333 nec
325 4279 384 4334 eius
403 4280 524 4334 cadauer
542 4282 643 4336 iar-ae.
658 4282 690 4351 11
704 4280 776 4351 eius]
797 4284 840 4334 est
859 4278 889 4332 F
900 4281 909 4349 1
922 4280 1067 4334 inventum
1087 4280 1142 4351 est]
1162 4280 1275 4349 aparuit
1288 4281 1339 4351 Τ1
1355 4289 1387 4336 16
1406 4282 1470 4336 iude
1486 4281 1517 4334 F
1534 4290 1536 4295 ’

254 4365 339 4405 arena
353 4351 438 4420 LHu
451 4351 557 4405 dictum
571 4351 667 4420 ΤΜ1
683 4359 715 4406 11
730 4351 810 4407 diuos
826 4352 863 4404 M
874 4353 884 4420 1
898 4351 1037 4421 receptus]
1058 4368 1142 4420 quem
1156 4352 1251 4407 Iovem
1269 4352 1423 4423 indigetem
1442 4353 1537 4408 dixere

255 4421 318 4475 add.
329 4421 358 4474 D
371 4424 381 4491 1
394 4423 539 4492 aboriginc
555 4422 606 4491 Fu
622 4429 653 4477 18
670 4423 870 4506 exsanguinem
885 4423 989 4506 Daniel
1013 4423 1210 4506 extinctumd
1229 4441 1280 4506 nec
1299 4442 1320 4478 r.
1340 4425 1375 4480 F.
1387 4425 1537 4507 Setoellias

255 4496 780 4636 {redundaturum
800 4495 1200 4621 recuruatum
1212 4495 1540 4625 1112111111

254 4635 348 4690 omnia
366 4635 426 4690 fieri
444 4636 628 4706 dispositione
649 4638 783 4706 fatorum,
806 4638 881 4693 unde
904 4637 1031 4705 loquitur
1049 4637 1118 4692 alibi
1137 4638 1173 4706 (X
1192 4639 1255 4706 467)
1277 4638 1348 4694 ‘stat
1366 4657 1416 4694 sua
1435 4638 1535 4708 cuique

254 4706 335 4762 dics'.
365 4709 429 4763 add.
450 4707 669 4780 Fabriciorum
690 4711 727 4763 od
745 4710 815 4765 haec
834 4725 933 4780 precor
951 4726 1027 4777 supr.
1042 4726 1108 4764 oers.
1130 4709 1202 4763 sicut
1221 4753 1226 4764 .
1244 4750 1272 4765 ..
1291 4709 1420 4779 inprecor
1442 4711 1534 4779 Τ122

254 4777 317 4861 ipsa
335 4781 367 4833 in
384 4797 438 4834 rac.
459 4781 480 4846 l,
502 4780 618 4847 sonasse
636 4783 726 4850 restet
744 4787 777 4836 23
797 4779 1032 4851 inpredicationes
1051 4781 1099 4850 Lu
1118 4786 1152 4835 26
1172 4781 1209 4835 od
1226 4783 1354 4836 exercete
1371 4799 1447 4852 supr.
1466 4798 1534 4838 uere.

252 4851 430 4919 msequimini
447 4850 567 4921 fatigate
588 4853 614 4906 Τ
