3396 5422
202 341 264 397 mv
332 414 335 418 Δ
469 339 471 344 ·
731 338 948 394 Parasino,

202 506 413 573 Fabricianae
428 505 581 571 editionis
597 505 777 590 marginem
792 503 1007 587 transcripsit.
1050 502 1219 589 Scioppius
1239 507 1348 570 autem
1367 506 1483 573 folium

203 613 282 679 illud
309 613 344 677 in
372 612 481 678 codice
509 635 575 676 non
602 611 668 677 iam
696 611 832 676 invenit:
866 614 952 675 certe
985 611 1026 675 ad
1053 631 1129 696 pag.
1152 611 1217 678 218
1246 612 1281 676 in
1308 614 1483 699 appendice

203 723 395 788 adnotatum
426 720 527 784 habes
561 718 660 783 ‘nihil
698 722 749 783 est
782 716 1011 783 immutatum'.
1062 718 1096 782 in
1130 716 1319 784 Oassellano
1355 742 1484 807 quoque

203 830 393 894 membrana
417 829 455 892 de
479 850 543 912 qua
567 828 690 912 agitur,
718 846 801 910 quae
830 825 948 910 integri
977 825 1097 891 codicis
1124 826 1188 890 fuit
1216 826 1485 914 quinquagesima

204 936 356 1020 septima,
380 935 483 1018 deest,
506 940 603 1019 atque
626 933 722 999 facile
746 932 948 1016 intellegitur
967 955 1023 998 cur
1037 931 1165 998 Medius
1191 955 1262 998 eam
1284 934 1484 1020 religendam

204 1042 353 1127 elegerit3
376 1064 453 1106 nam
477 1041 516 1105 de
540 1040 645 1106 tribus
668 1040 734 1104 illis
759 1061 839 1123 quas
868 1040 1007 1124 septimo
1033 1040 1238 1124 quaternioni
1263 1040 1390 1108 additas
1414 1064 1484 1108 esse

205 1150 271 1215 dixi
293 1149 402 1235 prima
424 1149 503 1232 fuit,
528 1151 565 1212 ut
587 1147 677 1212 nullo
700 1147 832 1233 negotio
863 1147 946 1214 solvi
969 1150 1094 1231 posset:
1122 1147 1264 1232 reliquae
1293 1149 1374 1215 duae
1402 1171 1484 1234 quae

204 1258 294 1343 ipsae
319 1278 444 1342 quoque
467 1255 660 1320 interierunt
682 1253 771 1318 haud
785 1254 853 1319 scio
869 1277 911 1318 an
926 1253 1058 1320 binione
1084 1254 1336 1340 comprehensae
1354 1256 1484 1323 fuerint.

294 1363 455 1441 Quoniam
469 1361 693 1429 Caesellanum
717 1361 860 1427 codicem
884 1361 1021 1425 eundem
1045 1384 1114 1427 esse
1139 1384 1234 1447 quem
1248 1362 1395 1428 Danielis
1409 1363 1485 1428 Ful-

205 1472 335 1536 densem
359 1470 441 1535 satis
465 1469 562 1534 certis
588 1469 787 1554 argumentis
818 1467 1045 1533 confirmatum
1075 1472 1138 1552 est,
1166 1469 1386 1553 quaerendum
1414 1492 1485 1536 esse

205 1579 299 1644 video
323 1578 408 1642 unde
434 1576 653 1661 discrepantia
676 1597 757 1660 quae
781 1574 868 1639 haud
896 1577 1008 1660 paucis
1038 1597 1114 1640 sane
1142 1575 1223 1641 locis
1251 1577 1337 1641 inter
1365 1576 1485 1644 codicis

205 1686 382 1771 scripturas
406 1688 439 1748 et
458 1681 604 1767 Scioppii
626 1682 694 1748 sive
709 1680 853 1746 Danielis
879 1682 1069 1747 testimonia
1092 1682 1372 1768 animadvertitur,
1394 1688 1485 1770 repe·

205 1792 303 1857 tenda
326 1792 387 1856 sit:
410 1812 508 1875 quam
532 1789 661 1875 quidem
680 1788 933 1874 discrepantiam
951 1788 1112 1874 Bergkius'
1135 1791 1315 1857 rectissime
1340 1791 1422 1856 dixit
1438 1793 1487 1858 ita

205 1902 426 1984 comparatam
464 1919 548 1979 esse,
584 1899 621 1960 ut
657 1893 862 1960 Oassellanus
899 1896 965 1960 fere
1002 1896 1137 1962 meliora
1173 1898 1340 1982 praebeat.
1388 1902 1486 1984 atque

205 2003 390 2091 Scioppium
419 2025 500 2088 quae
529 2026 568 2068 ex
600 2003 709 2068 codice
747 2002 950 2067 exscribebat
981 2003 1188 2069 librariorum
1218 2005 1384 2071 erroribus
1412 2028 1487 2091 pur·

206 2133 300 2196 gasse
324 2111 393 2176 veri
416 2111 498 2176 illud
522 2110 651 2195 quidem
674 2131 740 2174 non
764 2114 814 2174 est
839 2109 1010 2194 dissimile,
1034 2111 1090 2174 sed
1118 2112 1216 2176 certis
1242 2113 1398 2198 exemplis
1421 2135 1488 2178 non

205 2221 316 2304 potest
337 2218 478 2303 probari.
488 2214 512 2303 ¹)
557 2220 670 2282 contra
693 2215 799 2281 habeo
824 2217 941 2302 quibus
965 2216 1135 2282 ostendam
1161 2217 1330 2284 Danielem
1358 2242 1378 2285 a
1405 2221 1487 2286 veri·

205 2330 273 2391 tate
303 2325 471 2391 deflexisse
500 2345 574 2389 cum
602 2325 638 2388 in
665 2323 868 2409 praefatione
897 2325 1085 2410 appendicis
1118 2325 1239 2390 diceret
1271 2326 1305 2389 in
1335 2328 1488 2393 transcri-

206 2432 320 2498 bendis
349 2430 493 2517 Scioppii
522 2430 649 2496 schedis
681 2434 775 2495 tanta
806 2430 868 2494 fide
899 2453 936 2496 ac
965 2432 1122 2516 religione
1154 2455 1188 2497 se
1219 2437 1383 2498 versatum
1407 2455 1487 2518 esse,

209 2544 247 2606 ut
270 2541 370 2605 etiam
395 2538 566 2603 emendatu
590 2535 748 2601 facillima
771 2535 961 2621 ‘depingere
986 2559 1082 2621 quam
1101 2536 1242 2622 fingere'
1266 2539 1369 2604 satius
1392 2540 1488 2605 duxe-

208 2649 261 2714 rit.
297 2669 374 2712 nam
398 2668 471 2711 cum
495 2643 614 2710 codicis
639 2642 819 2727 scripturae
848 2647 881 2708 et
904 2665 942 2708 ea
969 2666 1051 2728 quae
1076 2666 1114 2709 ex
1138 2643 1239 2710 Medii
1268 2647 1427 2732 excerptis
1454 2647 1489 2711 in

207 2753 394 2820 Fabriciani
413 2751 608 2837 exemplaris
632 2749 796 2834 margines
819 2750 1016 2835 transcripta
1030 2754 1064 2815 et
1077 2772 1158 2834 quae
1181 2773 1220 2816 ex
1245 2750 1390 2837 Scioppii
1414 2775 1488 2818 con·

211 2861 334 2926 latione
358 2861 393 2925 in
417 2857 594 2944 appendice
618 2856 704 2921 edita
723 2859 800 2920 sunt
814 2855 899 2920 inter
914 2878 948 2921 sc
963 2860 1194 2941 comparantur
1216 2859 1358 2944 itemque
1377 2881 1490 2925 eorum

210 2990 292 3053 quae
304 2966 472 3052 Scioppius
487 2965 556 3050 ipse
572 2965 606 3027 in
620 2963 705 3027 libro
716 2962 754 3026 de
770 2965 839 3026 arte
855 2963 968 3027 critica
983 2967 1016 3027 et
1030 2963 1064 3027 in
1079 2969 1302 3049 suspectarum
1314 2966 1489 3032 lectionum

208 3074 373 3140 volumine
390 3095 406 3138 e
418 3071 572 3140 Fuldensi
586 3070 731 3135 laudavit
745 3069 991 3164 ratiohabetur,
1005 3069 1176 3135 Danielem
1185 3093 1251 3136 non
1266 3074 1404 3138 veritum
1419 3096 1489 3140 esse

209 3185 346 3268 apparet
370 3162 510 3246 eliorum
533 3176 723 3242 testimonia
746 3198 804 3242 suo
829 3176 990 3241 arbitratu
1012 3181 1149 3244 mutare.
1186 3183 1223 3243 ut
1247 3182 1394 3266 exempla
1415 3204 1489 3267 pro·

209 3311 343 3376 ponam,
366 3287 447 3352 Aen.
475 3285 491 3350 Ι
515 3285 556 3350 21
581 3283 627 3369 (p.
651 3284 708 3367 20,
737 3277 792 3367 11)
822 3281 1009 3369 Scioppium
1037 3287 1124 3349 recte
1152 3287 1300 3367 adpuncte'
1326 3287 1445 3372 legisse
1474 3311 1491 3354 e

209 3397 294 3462 libro
319 3395 358 3460 de
382 3397 452 3459 arte
467 3392 580 3457 critica
603 3387 647 3475 (p.
662 3387 699 3476 4)
724 3390 855 3455 scimus:
878 3391 913 3454 in
937 3391 1114 3477 appendice
1129 3391 1320 3458 Fuldensem
1344 3395 1492 3461 edieemto
1518 3463 1522 3472 ,

208 3504 328 3569 habere
361 3502 554 3566 adnotatum
584 3501 649 3580 est,
680 3497 763 3582 quod
786 3497 903 3562 Daniel
935 3521 1008 3564 cum
1035 3501 1189 3583 scalpendiv
1215 3501 1297 3565 illud
1327 3501 1404 3586 quid
1427 3503 1491 3568 sibi

210 3610 308 3676 vellet
321 3631 389 3674 non
403 3605 618 3672 intellexisset
633 3625 649 3666 e
665 3605 849 3669 coniectura
863 3607 1010 3691 posuisse
1029 3608 1165 3672 videtur.
1189 3644 1225 3652 —
1248 3609 1282 3672 in
1302 3608 1425 3674 scholio
1450 3610 1490 3674 ad

211 3716 321 3782 Aenl
340 3716 420 3798 522,
445 3710 531 3797 quod
545 3708 673 3774 Modius
688 3708 817 3775 Danieli
834 3713 1004 3796 exscripsit
1023 3736 1054 3798 p.
1067 3714 1139 3798 161,
1150 3715 1193 3778 20
1212 3712 1421 3780 Caesellanns
1441 3739 1491 3781 ex·
1543 3723 1551 3729 '

210 3824 305 3889 hibet
327 3821 449 3888 etiamsi
472 3838 572 3902 sepem
594 3817 758 3882 amisimus
784 3819 966 3884 cellotium
994 3841 1058 3886 non
1082 3823 1234 3904 petimus:
1262 3845 1322 3907 pro
1350 3823 1401 3888 his
1428 3823 1492 3888 Da·

210 3932 277 3996 niel
300 3931 334 3994 in
348 3925 534 3993 Fabriciani
558 3923 752 4008 exemplaris
776 3926 924 4011 margine
950 3927 1081 4012 scripsit
1103 3930 1196 3994 etiam
1218 3950 1244 3994 r.
1267 3950 1297 3994 a.
1320 3934 1349 3994 et
1369 3934 1405 3995 nt
1426 3931 1491 3995 la-

212 4039 289 4104 tione
311 4057 375 4102 aon
391 4032 590 4117 petierimus:
619 4029 703 4094 idem
722 4033 904 4113 petierimus
927 4034 983 4098 se'd
1005 4041 1041 4100 at
1062 4058 1140 4102 voce
1167 4036 1289 4100 omissa
1311 4035 1345 4099 in
1373 4059 1492 4121 appen-

26 4212 48 4221 ,,
211 4145 281 4212 dice
304 4140 479 4208 invenitur.
520 4138 555 4201 in
579 4136 690 4202 eodem
714 4160 809 4202 versu
836 4161 895 4224 pro
923 4141 1120 4228 discedemus,
1148 4142 1235 4228 quod
1263 4165 1280 4207 e
1308 4142 1416 4209 codice
1444 4167 1492 4208 re-

285 4393 311 4459 1)
330 4386 365 4443 cf.
385 4387 480 4440 tamen
500 4400 574 4454 susp.
594 4383 658 4441 lect.
678 4385 690 4437 I
710 4402 751 4456 ep.
771 4384 836 4439 XXI
855 4389 892 4458 (p.
913 4393 947 4442 57
962 4390 1004 4444 ed.
1026 4392 1181 4447 Amstelod.
1201 4408 1226 4447 a.
1249 4393 1342 4461 1664),
1363 4391 1411 4446 ubi
1428 4391 1493 4446 Ful·

213 4472 297 4526 dense
317 4465 542 4522 additamentum
561 4463 597 4517 ad
616 4465 684 4522 Aen.
704 4465 716 4519 I
736 4473 786 4522 636
811 4466 851 4522 sic
873 4467 1005 4524 laudatur
1031 4471 1098 4526 ‘non
1117 4470 1189 4526 nulli
1207 4472 1261 4526 Dii
1284 4471 1395 4539 legunt,
1420 4470 1494 4526 sicut

212 4553 321 4605 veteres
350 4546 440 4600 fames
468 4543 544 4597 fami.
581 4544 697 4601 Plautus
724 4545 754 4600 in
777 4548 931 4605 Mercatore
964 4552 1030 4620 qaia
1063 4558 1113 4607 aut
1149 4552 1223 4621 (lege
1249 4552 1298 4622 qai
1329 4555 1388 4619 eut)
1420 4552 1494 4606 nocti

213 4636 264 4685 aut
292 4629 334 4683 dii
366 4630 416 4680 ant
445 4624 498 4678 soli
525 4629 576 4679 aut
603 4627 705 4683 lemce’.
742 4645 807 4683 nam
832 4648 883 4700 pro
907 4633 992 4698 fames
1014 4631 1044 4687 in
1077 4631 1172 4688 codice
1200 4633 1303 4700 samin,
1326 4631 1356 4686 in
1389 4647 1494 4702 appen-

213 4708 276 4764 dice
301 4707 386 4776 fame's
400 4701 511 4774 legitur.
542 4707 610 4776 qaia
628 4713 677 4764 ast
696 4707 843 4780 Scioppius
862 4710 892 4766 in
910 4727 973 4781 app.
993 4728 1104 4781 quoque
1122 4713 1256 4780 testatur,
1276 4713 1362 4768 codex
1382 4712 1495 4767 exhibet

213 4790 280 4859 quia
298 4792 337 4841 ut.
