3396 5422
232 379 271 434 IV
759 377 978 435 PRAEFATIO.

232 544 364 608 nalibus
388 541 536 609 Servium
560 543 720 608 dicentem
743 543 833 627 fecit,
857 543 983 628 optima
1006 565 1149 629 quaeque
1175 567 1194 608 a
1218 545 1432 629 grammatico
1457 545 1512 609 illo

233 655 367 735 propter
391 651 570 736 exquisitae
594 649 761 714 doctrinae
785 651 911 735 copiam
935 651 1067 715 laudato
1092 652 1226 735 scripta,
1254 652 1380 737 reliqua
1404 673 1442 715 ex
1461 673 1515 716 an-

233 758 399 842 tiquorum
430 758 643 840 interpretum
676 756 811 821 diversis
845 758 1083 822 commentariis
1116 757 1236 822 selecta
1277 780 1347 823 esse
1381 759 1514 823 censuit.

234 862 430 946 Josephus
460 861 649 946 Scaliger,
684 863 736 927 cui
758 862 877 927 Daniel
905 866 1078 947 antequam
1106 864 1232 947 plenior
1261 865 1511 928 commentarius

236 970 341 1035 editus
374 973 460 1034 esset
489 970 595 1033 multa
627 992 666 1033 ex
700 969 766 1033 suis
796 970 888 1034 libris
921 970 1083 1054 exscripta
1114 970 1261 1054 miserat,
1293 972 1328 1034 in
1356 972 1444 1036 notis
1474 971 1514 1034 ad

234 1076 393 1141 Varronis
422 1075 450 1139 (1.
474 1098 498 1139 r.
522 1097 547 1140 r.
570 1075 673 1141 libros
702 1073 748 1161 (p.
770 1077 835 1140 273
867 1075 913 1139 ed.
937 1073 1047 1161 Steph.
1076 1100 1104 1141 a.
1131 1074 1231 1164 1573)
1262 1076 1379 1158 Servii,
1410 1077 1514 1142 erudi-

235 1182 355 1247 tissimi
377 1181 518 1265 Vergilii
542 1182 745 1267 interpretis,
769 1183 1075 1247 commentariorum
1098 1187 1226 1248 tantum
1250 1185 1387 1249 cadaver
1406 1206 1515 1248 mona-

236 1290 370 1355 chorum
393 1290 544 1354 barbarie
568 1311 604 1354 ac
629 1290 783 1373 spurcitia
807 1289 1064 1354 contaminatum
1087 1313 1255 1374 superesse
1279 1292 1369 1356 dixit.
1416 1291 1512 1357 Scali-

238 1397 308 1482 geri
337 1397 532 1461 sententiam
556 1397 724 1481 amplexus
748 1400 799 1460 est
822 1396 913 1461 Otto
936 1395 1191 1477 Ribbeckius,
1223 1420 1420 1483 quamquam
1444 1399 1515 1463 sub-

236 1503 327 1567 tilius
361 1509 394 1567 et
426 1504 544 1568 certius
575 1526 672 1588 quam
704 1505 759 1568 ille
788 1504 865 1589 quid
893 1503 993 1568 vellet
1022 1505 1226 1590 significavit.
1268 1528 1344 1570 nam
1378 1503 1515 1592 (proleg.

236 1634 267 1694 p.
293 1610 357 1674 104
371 1632 439 1695 sqq.
463 1614 496 1674 et
518 1610 618 1694 praef.
641 1633 672 1694 p.
694 1610 758 1675 XII
772 1607 832 1696 sq.)
856 1614 889 1674 et
916 1611 1096 1675 breviorem
1125 1613 1394 1677 commentarium
1423 1616 1456 1677 et
1480 1634 1517 1677 ea

238 1739 320 1801 quae
348 1716 383 1780 in
405 1715 554 1782 Danielis
584 1717 676 1782 libris
704 1717 779 1782 huic
808 1718 919 1783 addita
949 1722 1059 1784 essent
1086 1740 1124 1783 ex
1153 1720 1279 1805 integro
1304 1717 1406 1783 Servii
1430 1741 1515 1783 com-

238 1824 411 1904 mentario,
434 1847 529 1909 quem
553 1825 593 1888 iis
617 1846 698 1909 quae
721 1824 818 1890 hodie
842 1825 901 1889 sub
926 1825 1106 1890 doctissimi
1128 1825 1215 1890 illius
1236 1825 1441 1911 grammatici
1459 1849 1515 1890 no·

238 1930 325 1996 mine
352 1932 513 1996 ferrentur
537 1931 714 2015 pleniorem
737 1931 836 1995 fuisse
861 1931 923 1996 sibi
946 1933 1123 2015 persuasit,
1157 1933 1320 2016 exscripta
1343 1955 1412 1997 esse
1436 1933 1518 1997 dixit

238 2037 336 2122 idque
359 2037 525 2104 Macrobio
554 2038 692 2102 maxime
720 2042 909 2121 comparato
934 2039 1056 2103 firmari
1080 2040 1191 2104 voluit.
1227 2039 1325 2124 longe
1349 2040 1445 2106 aliter
1468 2042 1514 2106 iu-

239 2144 428 2210 dicaverunt
464 2144 693 2209 Pancratius
730 2144 939 2211 Masvicius
977 2150 1010 2210 et
1042 2144 1257 2210 Odofredus
1295 2145 1518 2215 Muellerus

238 2252 295 2316 ille
319 2252 404 2316 enim
429 2249 484 2315 ‘de
498 2250 587 2316 Petri
601 2250 766 2317 Danielis'
790 2252 895 2337 inquit
919 2250 1169 2336 ‘supplementis
1177 2303 1185 2336 ,
1209 2275 1291 2337 quae
1311 2276 1348 2318 ex
1363 2252 1517 2321 Fuldensi

240 2359 348 2424 codice
378 2358 526 2423 hausisse
558 2382 592 2424 se
623 2359 672 2424 vir
704 2360 817 2424 doctus
850 2363 990 2424 testatus
1024 2363 1085 2442 est,
1118 2360 1194 2444 quid
1227 2361 1366 2426 sentiam
1400 2362 1517 2428 dubius

242 2467 373 2549 haere03
404 2469 442 2530 ut
464 2469 574 2532 tamen
598 2467 698 2532 animi
723 2489 815 2532 sensa
838 2466 940 2530 libere
963 2467 1151 2551 proloquar,
1179 2468 1258 2532 licet
1279 2469 1425 2552 profecto
1450 2470 1519 2536 Ser·

241 2573 294 2636 vio
314 2572 564 2658 haudquaquam
583 2576 649 2639 sint
666 2575 814 2661 indigna,
835 2575 875 2638 ab
895 2574 966 2658 ipso
987 2578 1096 2640 tamen
1111 2573 1222 2640 Servio
1241 2577 1387 2659 profecta
1410 2581 1519 2645 nullus

241 2679 444 2764 crediderim,
468 2681 523 2746 sed
548 2704 585 2746 ex
606 2681 736 2748 Graecis
755 2682 943 2767 Latinisque
968 2681 1099 2746 scholiis
1123 2705 1142 2746 a
1166 2681 1235 2746 viro
1260 2684 1399 2768 quodam
1423 2686 1518 2752 docto

242 2786 378 2852 collecta
402 2790 435 2851 et
458 2788 581 2871 addita,
605 2793 701 2874 atque
725 2791 772 2854 ita
798 2790 847 2853 vel
874 2811 932 2873 per
951 2811 1093 2854 errorem
1113 2787 1225 2853 deinde
1245 2790 1296 2853 vel
1315 2790 1424 2857 dedita
1443 2817 1519 2879 quo-

243 2915 303 2978 que
332 2914 430 2976 opera
455 2892 565 2960 Servio
594 2896 769 2982 adscripta,
800 2896 895 2960 sicuti
924 2895 1034 2959 doctas
1059 2896 1127 2960 eius
1153 2894 1241 2960 modi
1264 2896 1392 2962 fraudes
1417 2899 1519 2966 factas

243 2998 433 3084 quandoque
457 3005 570 3066 notum
594 3003 663 3068 est'.
693 3003 869 3068 Muellerus
894 3007 1002 3083 autem
1025 3003 1082 3067 ubi
1105 3003 1139 3066 in
1161 3002 1363 3087 praefatione
1382 3006 1460 3070 libri
1479 3008 1518 3073 de

242 3105 389 3170 Etruscis
416 3107 528 3190 scripti
552 3106 596 3193 (p.
619 3107 653 3197 8)
677 3110 885 3195 antiquorum
908 3108 1046 3195 Vergilii
1069 3110 1283 3193 interpretum
1307 3111 1345 3174 de
1369 3115 1520 3179 vetustis-

244 3213 335 3277 simis
364 3212 520 3277 Italorum
553 3215 662 3300 rebus,
690 3216 728 3280 de
758 3238 849 3281 sacro
878 3215 1098 3281 Romanorum
1127 3215 1208 3297 iure,
1243 3215 1281 3279 de
1309 3215 1520 3292 Etruscorum

244 3319 416 3404 disciplina
453 3320 639 3386 testimonia
672 3321 847 3386 utilissima
879 3322 941 3387 sibi
974 3321 1074 3386 fuisse
1111 3319 1277 3405 professus
1310 3326 1372 3412 est,
1410 3350 1520 3392 eorum

244 3427 433 3492 memoriam
463 3449 529 3491 non
556 3450 575 3491 a
600 3425 724 3510 Servio,
753 3429 808 3494 sed
837 3430 877 3495 ab
906 3430 964 3494 illo
998 3431 1223 3505 conservatam
1256 3450 1325 3494 esse
1358 3428 1440 3493 dixit
1467 3426 1521 3510 qui

244 3558 283 3600 ea
312 3534 499 3619 collegisset
530 3556 612 3618 quae
645 3535 679 3598 in
711 3536 824 3619 paucis
857 3536 952 3601 libris
976 3534 1011 3621 (i.
1040 3559 1065 3600 e.
1094 3537 1128 3601 in
1156 3532 1354 3621 Danielinis)
1388 3533 1521 3618 vulgato

245 3641 477 3707 commentario
502 3641 616 3722 addita⁸
635 3647 742 3707 essent
764 3647 797 3708 et
820 3644 861 3707 ab
881 3643 1059 3708 editoribus
1079 3644 1205 3708 uncinis
1226 3643 1346 3708 includi
1366 3640 1522 3706 solerent:

245 3770 343 3833 quare
361 3769 427 3811 non
442 3745 596 3833 Servium,
620 3749 675 3813 sed
694 3751 887 3835 interpretes
907 3750 990 3834 apud
1007 3748 1154 3814 Servium
1175 3774 1208 3815 se
1227 3751 1433 3815 laudaturum
1453 3768 1522 3811 esse

138 3906 142 3913 .
245 3856 300 3920 ubi
311 3855 509 3920 testimoniis
520 3855 584 3919 illis
599 3879 676 3922 usus
692 3860 787 3922 esset.
815 3857 900 3921 idem
915 3857 948 3920 in
963 3855 1052 3921 Festi
1066 3857 1244 3940 exemplari
1259 3854 1373 3941 (praef.
1388 3877 1419 3938 p.
1428 3851 1522 3940 XIV)

246 3961 397 4046 antiquos
407 3960 547 4046 Vergilii
562 3963 755 4046 interpretes
770 3962 825 4046 qui
844 3984 916 4025 cum
931 3960 1042 4026 Servio
1066 3962 1234 4026 commixti
1257 3965 1364 4047 essent
1387 3981 1523 4026 comme·

246 4069 395 4133 moravit.
432 4092 505 4134 cum
528 4069 579 4134 his
604 4073 784 4155 congruunt
807 4068 873 4133 fere
893 4091 974 4153 quae
999 4093 1018 4132 a
1041 4090 1092 4132 me
1117 4069 1194 4133 olim
1218 4068 1313 4152 (mus.
1327 4066 1429 4133 Rhen.
1444 4065 1523 4131 XIV

245 4198 276 4260 p.
292 4175 357 4240 535
369 4198 437 4261 sqq.
460 4175 521 4241 XV
535 4200 566 4261 p.
580 4177 717 4261 ll9sqq.
746 4180 868 4261 quaest.
884 4173 971 4241 Serv.
986 4174 1060 4239 Hal.
1082 4173 1182 4260 1867)
1203 4175 1240 4239 de
1258 4175 1320 4239 hac
1335 4177 1523 4256 quaestione

245 4283 415 4367 proposita
443 4288 519 4348 sunt
546 4306 649 4368 neque
677 4286 786 4348 tamen
814 4282 911 4368 plena
944 4285 977 4346 et
1010 4283 1096 4346 iusta
1130 4279 1412 4366 argumentatione
1440 4303 1523 4345 com·

246 4389 379 4473 probari
402 4395 587 4474 potuerunt.
632 4391 717 4477 quod
739 4393 816 4454 tunc
841 4389 996 4454 omissum
1021 4392 1129 4454 estut
1152 4389 1214 4452 hoc
1237 4387 1309 4451 loco
1334 4384 1524 4452 exhibeatur

247 4517 379 4580 operam
400 4497 491 4562 dabo.
529 4497 585 4563 sed
604 4503 777 4582 antequam
797 4496 836 4560 ad
856 4517 928 4559 eam
951 4518 1020 4560 rem
1044 4518 1095 4560 me
1118 4498 1313 4579 convertam,
1336 4494 1417 4558 illud
1442 4516 1523 4559 com-

247 4606 490 4669 memorandum
514 4609 577 4689 est,
601 4607 635 4669 in
658 4605 770 4670 eodem
790 4605 981 4689 argumento
1000 4625 1103 4687 nuper
1122 4605 1284 4667 versatum
1310 4624 1379 4667 esse
1399 4601 1524 4666 Aemi·

247 4709 341 4774 lium
364 4711 541 4796 Thomas,
566 4713 620 4797 qui
636 4733 719 4776 anno
742 4711 826 4776 1879
841 4710 974 4775 Parisiis
998 4710 1117 4775 librum
1137 4709 1237 4774 edidit
1260 4709 1349 4774 cuius
1373 4709 1453 4774 haec
1477 4714 1526 4773 est

248 4816 417 4900 inscriptio
442 4817 550 4884 ‘Essai
574 4842 628 4884 sur
653 4817 781 4882 Servius
805 4821 838 4883 et
861 4838 920 4880 son
943 4817 1174 4881 commentaire
1199 4841 1253 4882 sur
1276 4815 1423 4903 Virgile'.
1470 4817 1525 4901 qui
