3396 5422
211 361 299 417 LXIV
739 362 956 419 PRAEFATIO.

210 524 319 609 itaque
354 526 496 591 codicem
534 549 573 591 ex
610 549 672 611 quo
705 527 901 592 Turonensis
933 527 1082 593 fluxisset
1114 531 1289 613 antequam
1321 528 1492 594 Danielina

211 632 336 696 scholia
368 655 442 697 cunr
479 631 642 698 Servianis
679 635 851 699 coniuncta
889 639 998 700 essent
1031 635 1187 719 scriptum
1221 657 1291 701 esse
1324 636 1492 719 opinabar.

210 760 306 822 quam
331 741 515 824 opinionem
544 742 605 805 etsi
630 740 873 806 Turonensibus
903 747 936 806 et
959 741 1219 808 Floriacensibus
1244 742 1377 807 scholiis
1402 764 1493 808 accu-

209 847 312 910 ratius
336 846 421 911 inter
445 870 479 912 66
504 850 700 932 comparatis
725 847 877 935 abieci1),
900 849 979 913 illud
998 853 1109 914 tamen
1126 871 1193 914 non
1211 848 1338 933 dubito,
1362 850 1439 933 quin
1463 851 1491 914 is

209 951 292 1017 liber
316 976 378 1038 quo
403 955 606 1021 Turonenses
630 956 824 1039 interpretes
855 956 906 1019 usi
935 957 1001 1019 sint
1023 955 1222 1020 Floriacensi
1249 964 1324 1020 666
1344 979 1408 1020 666
1436 979 1492 1022 no-

209 1061 294 1125 mine
326 1064 544 1145 praestantior
577 1063 684 1129 fuerit.
728 1063 814 1127 haud
846 1084 949 1146 pauca
981 1063 1067 1127 enim
1100 1063 1134 1126 in
1166 1064 1212 1127 cis
1245 1062 1377 1127 scholiis
1408 1086 1490 1147 quae

208 1165 326 1231 Daniel
350 1191 388 1232 ex
415 1168 476 1234 hoc
504 1169 617 1253 edidit,
646 1192 662 1235 e
690 1169 870 1234 Turonensi
898 1192 993 1254 quem
1022 1191 1088 1234 non
1112 1191 1150 1234 ea
1177 1192 1240 1254 666
1268 1170 1407 1234 debebat
1434 1170 1490 1234 ille

209 1273 379 1358 diligentia
402 1277 554 1360 contulit,
578 1299 597 1340 6
622 1298 672 1340 66
697 1281 730 1340 66
753 1276 923 1341 66666666
947 1280 979 1340 66
1004 1277 1154 1361 suppleta
1178 1280 1262 1340 sunt.
1303 1276 1342 1341 cf.
1364 1300 1395 1360 p.
1415 1277 1489 1361 479,

211 1380 264 1466 15,
288 1382 367 1467 488,
391 1384 412 1447 2
436 1387 468 1447 66
492 1383 526 1467 5,
550 1384 630 1467 504,
653 1384 688 1468 3,
717 1383 796 1466 563,
824 1383 880 1468 25,
909 1383 990 1466 564,
1016 1383 1070 1467 16,
1101 1382 1179 1462 575,
1205 1379 1289 1470 18))
1332 1383 1489 1449 scholium

209 1486 250 1551 ad
274 1487 354 1552 Aen.
377 1487 426 1552 ΙΠ
453 1489 518 1553 293
550 1489 762 1573 adscriptum,
796 1489 880 1573 quod
913 1489 947 1552 in
977 1488 1175 1553 Floriacensi
1212 1493 1249 1554 ut
1278 1489 1378 1554 verba
1407 1512 1488 1574 6666

208 1599 284 1659 sunt
299 1598 405 1678 posita
427 1601 471 1662 666
492 1601 596 1662 666666
695 1601 809 1661 6666666
832 1595 995 1660 Servianis
1029 1595 1274 1660 adnecterentur
1301 1597 1487 1662 mutilatum

208 1705 270 1785 est,
294 1701 494 1768 Turonensis
518 1705 683 1788 integrum
716 1703 855 1768 exhibet.
897 1702 936 1766 cf.
969 1702 1077 1766 adnot.
1106 1702 1389 1787 661666ΙΠ47,
1414 1704 1488 1789 113,

211 1810 282 1894 151,
306 1809 380 1894 561,
405 1811 483 1894 644,
507 1809 555 1875 IV
578 1811 657 1894 215,
681 1810 712 1874 V
730 1811 783 1874 43.
819 1810 854 1873 in
879 1809 1003 1874 scholio
1028 1808 1068 1872 ad
1083 1808 1164 1874 Aen.
1178 1809 1228 1874 ΠΙ
1242 1810 1286 1874 60
1302 1808 1346 1894 (p.
1362 1810 1436 1896 347,
1452 1808 1485 1894 1)

208 1914 431 1981 Turonensem
455 1917 510 2001 qui
532 1917 587 1982 666
609 1922 654 1981 666
675 1937 756 1981 unus
779 1918 906 1981 animas
930 1938 955 1979 e.
979 1938 1009 2000 q.
1029 1938 1052 1980 s.
1077 1914 1220 1996 exhibet,
1245 1916 1334 2001 sequi
1358 1920 1391 1980 66
1410 1920 1485 1981 6666

208 2043 246 2086 66
269 2024 368 2088 verba
387 2024 511 2113 lemma
533 2024 649 2088 iterare
674 2023 778 2088 debui.
816 2022 864 2086 IV
888 2023 954 2087 200
977 2021 1021 2107 (p
1045 2022 1126 2106 499,
1150 2020 1207 2107 22)
1232 2023 1333 2089 verba
1356 2029 1392 2088 66
1412 2025 1485 2088 6666-

206 2149 276 2195 6666
298 2132 432 2212 quotidie
454 2132 489 2196 io
516 2130 617 2212 666666
640 2151 702 2196 esse
730 2153 811 2216 quae
839 2129 1045 2195 Burmannus
1069 2128 1149 2192 vidit
1176 2155 1195 2195 a
1224 2130 1401 2195 christiano
1430 2131 1487 2196 ho·

207 2237 293 2301 mine
318 2237 429 2302 addita
453 2259 523 2301 esse
546 2237 581 2300 in
604 2237 786 2302 Turonensi
809 2237 932 2303 omissa
961 2241 1045 2302 sunt.
1086 2236 1134 2300 IV
1158 2236 1224 2302 564
1246 2237 1302 2302 666
1325 2259 1486 2320 ...prae-

207 2345 328 2408 6666666
360 2367 377 2408 6
410 2342 607 2408 Turonensis
640 2344 830 2409 testimonio
864 2345 904 2410 ad
937 2366 974 2408 ea
1007 2344 1107 2408 verba
1140 2344 1298 2430 adscripsi
1330 2344 1371 2410 ad
1404 2368 1485 2429 6666

159 2444 163 2449 ’
206 2452 377 2536 pertinent.
418 2451 454 2516 in
477 2452 560 2515 sexti
583 2473 710 2537 quoque
735 2456 901 2517 eteorum
929 2452 985 2536 qui
1014 2455 1193 2536 sequuntur
1216 2452 1375 2516 librorum
1399 2473 1485 2518 com·

206 2558 372 2623 mentariis
397 2581 435 2623 ex
458 2558 520 2623 hoc
544 2559 627 2622 libro
651 2557 868 2624 Floriacensis
889 2564 921 2624 et
945 2566 1069 2623 errores
1098 2558 1217 2643 corrigi
1245 2562 1277 2622 et
1300 2558 1410 2624 hiatus
1434 2581 1485 2623 ex·

206 2667 288 2750 pleri
311 2669 471 2750 poterunt.
513 2688 577 2749 qua
607 2666 698 2730 inre
727 2666 865 2749 exempli
893 2689 991 2731 causa
1014 2687 1232 2730 commemoro
1262 2663 1416 2730 Serviano
1444 2664 1485 2728 ad

206 2774 379 2857 septimum
413 2773 532 2837 librum
565 2773 796 2838 comment-ario
829 2773 1000 2837 Danielem
1034 2794 1071 2836 ex
1103 2793 1167 2837 uno
1192 2772 1372 2836 Turonensi
1404 2773 1484 2836 satis

207 2882 311 2947 multa
335 2881 488 2946 adiecisse
512 2902 617 2965 neque
640 2884 750 2945 tamen
769 2880 878 2944 omnia
898 2880 1034 2944 edidisse
1054 2901 1135 2964 quae
1155 2879 1223 2943 eius
1246 2879 1377 2962 propria
1400 2882 1485 2962 6666,

206 2989 306 3053 veluti
329 2988 410 3052 haec
435 3009 515 3072 quae
540 2986 757 3052 66711684
782 2984 887 3050 ‘dives
912 2984 1078 3071 Anagnia'
1103 2985 1268 3070 adscripta
1291 2987 1380 3050 sunt:
1415 2984 1485 3067 lepi-

207 3099 258 3158 666
280 3096 414 3160 cidenas
436 3115 457 3158 6
479 3093 662 3176 6666666666
689 3113 722 3157 66
749 3092 887 3174 quodie
914 3093 998 3156 deuio
1025 3094 1067 3157 sit
1086 3094 1202 3174 posita.
1242 3093 1278 3156 ia
1304 3092 1414 3174 666666
1441 3097 1486 3156 666

199 3200 324 3282 probus.
366 3201 452 3285 quod
483 3203 590 3264 autem
622 3199 825 3264 Turonenses
858 3197 1053 3282 interpretes
1083 3198 1218 3281 vulgata
1249 3202 1282 3262 et
1311 3196 1485 3262 Danielina

206 3307 331 3371 scholia
363 3309 411 3372 ita
440 3307 630 3392 plerumque
667 3307 890 3370 tractaverunt
920 3305 1013 3389 quasi
1044 3326 1109 3369 non
1142 3305 1182 3368 ab
1217 3303 1329 3368 eodem
1362 3305 1484 3389 scripta

206 3416 315 3477 essent
338 3412 369 3476 id
394 3412 517 3497 duplici
541 3412 665 3476 ratione
689 3411 845 3495 explicari
873 3414 991 3496 potest.
1032 3410 1140 3495 possis
1169 3411 1256 3474 enim
1277 3410 1384 3474 dicere
1412 3411 1483 3475 bre·

206 3519 289 3584 viori
319 3520 402 3586 libro
435 3520 486 3585 eui
515 3519 619 3585 Seruii
650 3541 770 3584 nomen
799 3518 991 3602 inscriptum
1021 3517 1169 3583 viderent
1198 3516 1295 3582 fidem
1325 3516 1484 3581 habentes

205 3626 314 3690 omnia
336 3649 417 3711 quae
441 3627 477 3691 in
500 3649 537 3692 eo
560 3648 628 3692 666
652 3627 842 3711 legerentur
866 3625 1004 3690 aliorum
1028 3645 1098 3688 esse
1123 3624 1186 3689 sibi
1208 3624 1416 3708 persuasisse.
1450 3627 1484 3687 66

204 3821 416 3830 ——-—

296 3944 322 4012 1)
345 3942 525 4000 inveniuntur
547 3944 620 3999 enim
645 3941 842 4000 adnotationes
871 3958 942 4010 quae
967 3958 1029 3995 cum
1061 3959 1095 3996 ex
1118 3942 1257 3998 Servianis
1285 3943 1314 3996 et
1342 3941 1484 3997 additiciis

205 4021 321 4077 scholiis
340 4024 512 4094 compositae
536 4027 626 4080 sinte
646 4025 771 4094 pleniore
793 4022 867 4077 libro
890 4021 1075 4076 Floriacensis
1104 4023 1190 4078 simili
1217 4023 1349 4078 videntur
1375 4024 1482 4092 petitae

204 4119 272 4157 esse.
312 4102 346 4158 cf.
366 4103 538 4160 adnotaris.
557 4105 675 4160 adsen.
692 4105 770 4171 1111,
790 4108 836 4170 64,
857 4108 904 4170 66,
924 4109 971 4171 ei,
991 4103 1054 4170 66,
1075 4102 1138 4172 661,
1160 4109 1222 4169 isa,
1244 4109 1308 4169 171,
1330 4103 1482 4173 11426611,

204 4188 265 4248 244,
285 4181 363 4249 246*,
383 4188 443 4250 249,
463 4190 524 4252 286,
544 4185 612 4240 628*
632 4185 667 4239 al.
705 4199 805 4238 moneo
829 4185 925 4237 tamen
944 4181 1077 4236 Seruiana
1096 4200 1168 4253 quae
1187 4183 1231 4238 his
1251 4184 1320 4238 locis
1340 4185 1481 4238 Turonen-

203 4279 246 4316 ses
269 4262 436 4331 interpretes
460 4264 616 4332 receperint
642 4261 819 4332 paucissimis
845 4262 936 4318 verbis
965 4261 1060 4316 omnia
1085 4264 1229 4320 contineri.
1268 4263 1379 4319 accedit
1406 4263 1482 4334 quod

203 4341 256 4396 hae
281 4343 478 4396 adnotationes
502 4346 614 4412 praeter
637 4361 683 4398 eas
707 4359 776 4412 quas
796 4342 929 4397 asterisco
952 4342 1051 4396 notavi
1078 4342 1120 4398 ita
1148 4348 1327 4413 comparatae
1350 4346 1427 4413 sunt,
1451 4347 1484 4398 66

205 4421 316 4476 Servius
335 4422 395 4491 ipse
415 4438 448 4475 ex
467 4423 506 4476 eis
525 4439 575 4476 sua
593 4423 800 4491 deprompsisse
819 4422 908 4478 videri
930 4421 1027 4493 possit.
1155 4425 1182 4492 2)
1205 4423 1249 4478 his
1273 4424 1356 4492 locis,
1381 4424 1482 4493 quibus

203 4502 359 4556 Turonensi
388 4518 471 4556 verae
502 4502 656 4570 scripturae
685 4505 813 4556 servatae
841 4508 917 4572 sunt,
946 4505 1017 4559 alios
1046 4504 1118 4558 addo
1147 4503 1248 4573 quibus
1276 4505 1367 4560 eidem
1386 4505 1483 4574 quiin

202 4580 373 4636 Floriacensi
392 4599 497 4637 errores
516 4580 707 4636 inveniuntur:
730 4600 757 4651 p.
778 4588 843 4650 334,
863 4591 878 4638 6
903 4586 995 4639 566666
1019 4585 1157 4648 marinas,
1180 4602 1207 4653 p.
1228 4591 1293 4654 337,
1312 4592 1345 4639 23
1369 4600 1481 4651 666666,

203 4680 229 4731 p.
250 4668 316 4731 341,
337 4669 369 4716 19
390 4665 483 4728 661666,
502 4682 529 4732 p.
549 4669 609 4728 391,
631 4667 644 4715 1
664 4662 752 4715 66666,
790 4662 899 4731 aliquot
916 4664 985 4718 locis
1004 4664 1181 4718 Turonenses
1200 4680 1234 4718 oa
1252 4681 1323 4734 6666
1341 4664 1371 4718 in
1390 4683 1481 4719 exem·

203 4741 277 4809 plari
295 4759 350 4811 quo
369 4743 522 4797 utebantur
542 4744 673 4810 corrupta
692 4757 752 4795 esse
771 4742 906 4797 videbant
924 4744 1088 4813 omiserunt,
1108 4742 1196 4798 veluti
1214 4762 1241 4813 p.
1261 4751 1321 4813 344,
1341 4751 1374 4798 31
1394 4746 1482 4800 altera

204 4864 209 4875 .
231 4864 236 4874 .
257 4866 262 4876 .
283 4823 388 4891 apsens,
407 4841 433 4892 p.
454 4828 514 4888 312,
536 4829 568 4876 16
588 4827 612 4876 et
631 4821 686 4875 deli
703 4823 786 4891 66666
805 4823 907 4893 latini,
925 4841 951 4892 p.
972 4829 1036 4890 491,
1055 4829 1071 4877 6
1089 4825 1283 4893 suspensionis.
