3390 5414
524 384 636 440 coMM.
656 385 695 439 ΙΝ
713 383 820 439 Vnae.
840 384 923 439 AEN.
943 384 988 442 lv.
1008 389 1122 442 aa-co.
1395 382 1461 446 475

274 549 325 613 61.
363 566 562 613 0161616616
583 549 747 615 candidae:
770 549 979 633 participium
999 552 1048 612 est
1066 569 1125 631 pro
1149 548 1287 611 nomine.
1346 565 1459 611 namu

180 674 288 720 mann
311 672 452 722 coaeva
480 673 622 738 avalun
642 679 706 721 non
731 661 781 720 est
805 656 1012 739 sacrificium,
1036 655 1091 719 sed
1115 655 1244 719 hostiae
1272 654 1461 739 exploratio,

182 766 291 827 utrum
315 768 393 847 apta
416 762 468 827 sit.

270 870 321 935 62.
359 886 450 934 sura
476 886 545 933 ons
568 886 668 932 onvu
693 874 768 933 ante
791 869 974 934 simulacra.
1046 895 1173 935 erueres
1189 870 1301 952 pteram
1322 870 1368 934 vel
1389 889 1460 933 suo-

179 978 275 1061 pue’ue
296 976 458 1059 delibutae,
480 980 517 1039 ut
539 974 645 1058 <201>
671 977 919 1058 pecudumque
945 996 1072 1040 eruore
1095 979 1236 1060 ptupue
1257 976 1382 1041 solum.
1481 990 1497 1037 5

181 1100 375 1150 §recurva
398 1100 445 1145 AD
470 1098 558 1145 Anas
582 1085 749 1147 matronae
779 1083 866 1146 enim
894 1082 1131 1147 sacrificaturae
1160 1083 1245 1148 eirca
1272 1105 1346 1147 aras
1374 1082 1461 1147 facu-

180 1190 231 1255 las
253 1194 400 1255 tenentes
424 1188 625 1271 ferebantur,
649 1189 830 1273 quodcum
855 1188 993 1274 quodam
1023 1193 1117 1274 gestu
1141 1190 1255 1255 fiebat:
1284 1189 1369 1253 unde
1393 1187 1461 1253 Sal-

180 1297 298 1363 lustius
322 1296 470 1361 saltare
494 1295 716 1379 elegantius
740 1318 849 1380 quam
873 1318 1028 1361 necesse
1055 1301 1114 1360 est
1135 1298 1289 1380 probae.
1334 1296 1462 1378 quidum

177 1424 275 1487 pensos
296 1404 443 1485 socdfide'
464 1404 630 1487 appellunt,
653 1424 711 1485 quo
733 1409 843 1468 acures
871 1425 941 1468 euru
968 1425 1044 1469 uros
1070 1406 1267 1469 decumberet
1297 1410 1326 1469 et
1351 1424 1462 1469 rursus

178 1533 210 1578 sc
241 1515 444 1577 concuterent
473 1515 502 1574 et
537 1511 644 1575 duodo
675 1513 882 1584 consisterent,
919 1512 1058 1576 dicebaut
1088 1512 1296 1577 miuuseulum
1326 1532 1459 1576 suumn.
1480 1525 1513 1573 10

179 1640 222 1684 uu
244 1619 299 1683 boc
320 1620 364 1683 od
384 1618 611 1699 impatientium
633 1618 751 1682 umores
773 1619 965 1698 referendum
992 1623 1048 1701 est,
1071 1639 1129 1700 quo
1152 1620 1268 1682 1661616
1290 1616 1374 1682 Dido
1398 1618 1461 1682 beo

180 1731 263 1792 sture
284 1746 348 1791 nou
364 1729 495 1808 poterut,
517 1725 608 1789 iustu
637 1725 718 1789 illud
739 1724 825 1807 <68>
851 1724 965 1789 ‘uritur
986 1725 1097 1806 infelice
1119 1724 1204 1790 Dido
1228 1730 1346 1807 totoque
1367 1745 1460 1807 vopu-

180 1838 232 1897 tur
254 1833 327 1898 urbe
346 1831 482 1914 feeruu'.

269 1940 321 2005 63.
358 1955 627 2015 rnsrsvasuova
651 1956 738 2003 omn
761 1956 866 2004 Dorus
891 1940 1092 2024 muneribus,
1123 1962 1205 2025 quae
1231 1943 1287 2003 aut
1311 1937 1360 2002 dis
1384 1938 1458 2003 offe-

180 2048 285 2132 rebat,
308 2051 366 2112 aut
389 2046 531 2111 donabat
555 2045 662 2129 Tyriis
682 2046 733 2110 vel
752 2045 911 2112 Troianis.
949 2045 1133 2111 ‘instaurat'
1153 2049 1261 2111 autem
1280 2045 1361 2129 ideo,
1386 2045 1513 2129 quia1o

181 2155 247 2220 iam
271 2176 369 2238 supra
388 2153 633 2236 sacrificaverat,
656 2156 694 2217 ut
718 2151 861 2237 0631>
885 2153 1002 2218 simul
1026 2154 1180 2219 Aenean
1203 2155 1241 2217 in
1263 2153 1373 2237 regia
1396 2152 1461 2216 du-

181 2262 237 2326 cit
258 2265 378 2343 tecta,
402 2258 518 2324 simul
542 2259 668 2323 divum
698 2261 856 2344 templis
885 2260 1029 2325 indicit
1058 2260 1250 2326 honorem.
1294 2280 1368 2324 eosne
1396 2260 1461 2341 qui-

181 2369 255 2433 unu
278 2366 389 2433 ‘doum’
414 2367 576 2448 sacrificiis
597 2367 718 2444 uoluut;
742 2388 817 2432 noue
840 2373 868 2432 et
887 2366 1021 2450 ‘umplu'
1042 2366 1196 2432 ‘elouuriu'
1215 2367 1338 2431 abedoc
1355 2367 1460 2430 duun-

182 2481 242 2559 tur,
265 2480 301 2539 ut
322 2480 366 2539 est
386 2476 513 2538 ductos
535 2473 617 2537 olto
638 2474 686 2537 ud
706 2475 868 2538 donorio
890 2495 1032 2539 currus.

271 2582 322 2646 64.
366 2597 507 2644 marsus
536 2579 671 2664 intenta,
701 2602 759 2663 per
789 2580 1052 2646 sollicitudinem.
1142 2599 1327 2646 sessanum
1356 2581 1392 2645 id
1419 2585 1463 2644 est
1480 2598 1514 2644 no

182 2688 390 2773 palpitantia:
420 2687 513 2773 quasi
541 2687 645 2752 adhuc
673 2687 755 2751 viva.
845 2713 986 2753 oossrrrr
1007 2716 1080 2753 erra
1105 2691 1233 2771 proprus
1262 2691 1359 2753 eliud:
1387 2710 1461 2753 oru-

182 2798 277 2880 spiccs
299 2797 382 2861 euim
405 2801 475 2861 ecto
497 2795 652 2859 consulere
674 2795 821 2858 dicuntae·
843 2815 911 2859 cum
930 2797 1107 2877 inspiciunt.
1154 2792 1246 2861 ‘esto'
1271 2796 1462 2878 siuyulorem

182 2925 246 2981 uon
267 2903 386 2988 buturi,
408 2908 443 2967 ut
466 2901 598 2968 ‘urunt

273 3011 324 3076 65.
367 3028 439 3076 nav
469 3028 588 3075 vsrvn
626 3026 780 3074 lausana
810 3028 946 3075 nunnus
982 3032 1047 3075 non
1081 3010 1263 3075 sacerdotes
1298 3011 1462 3095 vituperat

184 3119 276 3209 quasi
300 3119 426 3183 nescios
447 3119 634 3200 futurorum,
653 3117 707 3181 sed
727 3117 793 3180 vim
813 3117 953 3181 amantis
972 3118 1133 3202 exprimit,
1153 3122 1186 3183 et
1205 3117 1278 3181 inde
1298 3118 1462 3202 vituperat
1480 3132 1514 3179 no

185 3225 380 3307 sacerdotes,
404 3225 457 3308 qui
483 3226 718 3289 admonuerunt
739 3247 804 3290 non
829 3225 1035 3290 credituram:
1063 3248 1140 3289 nam
1168 3225 1278 3289 omnia
1306 3226 1416 3291 futura
1444 3250 1463 3291 a

257 3408 272 3455 ‘l
293 3400 455 3472 Sallustius]
477 3399 598 3467 66136,
619 3407 634 3454 2
657 3403 666 3469 ΙΙ
691 3401 851 3469 1311661661]
872 3418 966 3470 georg.
986 3401 1025 3455 Ill
1044 3407 1096 3454 633

260 3570 276 3617 3
295 3564 444 3630 utrumque
463 3563 493 3615 F
504 3564 514 3631 ΙΙ
534 3567 551 3613 4
570 3562 607 3614 ad
625 3561 742 3629 pingues
760 3577 835 3628 saepe.
854 3578 920 3614 uera.
941 3563 1053 3615 onustas
1072 3578 1204 3630 pecorum
1223 3562 1385 3630 corporibus
1404 3563 1461 3616 siue

186 3633 320 3704 sanguine
339 3633 478 3688 delibutas
496 3634 520 3686 '1'
538 3634 663 3699 (onustas
683 3648 813 3701 pecorum
831 3632 994 3701 corporibus
1016 3632 1281 3702 1161666661)
1295 3634 1463 3705 llplenan

186 3712 202 3759 6
216 3704 422 3775 significaturae
438 3705 488 3774 ΤΙΙ
502 3705 576 3758 circa
595 3721 656 3757 aras
672 3746 713 3759 ...
728 3704 830 3772 probae
841 3710 905 3771 post
919 3704 1014 3757 furens
1032 3705 1093 3758 leot.
1102 3703 1153 3772 Fll
1167 3710 1181 3757 7
1198 3704 1272 3771 quod
1286 3720 1336 3758 om.
1348 3705 1378 3757 F
1394 3723 1462 3774 quo·

186 3793 303 3846 cumque
314 3777 349 3829 M
368 3776 448 3844 quasi
459 3776 548 3844 Steplr.
563 3778 572 3843 ΙΙ
586 3775 681 3845 gestu]
696 3776 804 3843 gestam
817 3776 844 3826 ll
857 3779 867 3843 η
881 3775 967 3829 fiebat
984 3791 1034 3829 oue.
1047 3775 1144 3828 FNH
1152 3776 1189 3828 M
1192 3776 1283 3843 &tepla
1298 3778 1307 3845 11
1321 3781 1337 3829 8
1357 3777 1462 3847 eligan-

186 3847 243 3903 1161
263 3848 336 3901 HM
348 3848 358 3916 ΙΙ
372 3848 458 3917 probe
476 3848 532 3900 Len
545 3848 555 3916 11
569 3849 606 3901 od
625 3845 763 3915 spatiatur
781 3847 813 3898 iu
830 3863 915 3915 morp.
936 3847 1074 3915 spatiatur
1093 3848 1146 3900 hoc
1164 3849 1207 3900 est
1225 3847 1254 3898 in
1274 3847 1366 3916 spatio
1385 3848 1463 3918 longi

186 3919 294 3973 itineris
314 3919 477 3973 obambulat
496 3919 524 3972 id
543 3924 585 3972 est
609 3917 691 3971 eundi
715 3920 744 3970 et
767 3916 901 3971 redeundi
924 3921 999 3973 uices
1022 3918 1204 3972 creberrimas
1227 3926 1365 3987 procurat.
1404 3920 1462 3973 adi-

187 3991 286 4045 ciendo
311 3991 347 4044 ad
370 4006 434 4044 aras
457 3989 579 4043 ostendit
602 4006 696 4043 aream
720 3992 892 4058 assumptam
916 3990 1031 4045 deorum
1054 4006 1145 4043 causa.
1183 3991 1242 4044 siue
1267 3991 1405 4059 spatiatur
1427 3992 1464 4045 ad

187 4061 395 4131 impatientiam
414 4060 517 4115 amoris
535 4060 709 4114 referendum
729 4063 772 4115 est
789 4078 844 4130 quo
863 4060 968 4115 iactata
987 4061 1053 4115 dido
1072 4064 1146 4115 stare
1165 4061 1227 4116 loco
1244 4078 1300 4115 non
1314 4064 1425 4130 poterat
1440 4063 1465 4115 Τ

186 4133 352 4202 (spatiatur.
366 4174 388 4187 ..
401 4134 532 4202 procurat
548 4132 653 4184 Tiberii
666 4132 774 4185 Donati
787 4136 861 4199 eruut)
875 4133 885 4200 ΙΙ
899 4132 1010 4200 quidam
1027 4173 1049 4185 ..
1063 4173 1068 4185 .
1083 4132 1177 4186 furens
1195 4134 1255 4186 tob.
1266 4133 1391 4187 Antros.
1405 4135 1415 4201 ΙΙ
1432 4139 1463 4186 10

187 4206 445 4258 reconverterentur
455 4204 491 4266 F,
507 4204 619 4256 correxi.
639 4219 703 4256 eum
717 4207 922 4257 reverterentur
931 4204 1053 4257 Ambros.
1065 4209 1089 4256 et
1098 4204 1210 4259 Daniel.
1223 4206 1233 4273 u
1246 4204 1311 4257 dein
1321 4203 1446 4259 Aerobroa.
1455 4206 1464 4275 1

188 4281 219 4328 11
234 4274 461 4344 impetrationem
476 4274 600 4327 Austros.
615 4274 624 4342 ll
638 4274 706 4344 quo]
725 4273 755 4327 in
770 4292 824 4343 quo
838 4274 963 4328 Arutroa.
978 4276 987 4344 11
1000 4274 1076 4334 iacta
1090 4274 1141 4344 Fu
1156 4281 1188 4328 12
1207 4278 1302 4345 potest
1314 4277 1440 4329 Ambros.

188 4352 221 4400 14
240 4346 385 4401 auferebat
402 4346 502 4414 Nl1⁷
522 4345 648 4398 diuinum
666 4345 697 4397 N
709 4346 719 4414 ΙΙ
732 4347 867 4414 templum
887 4346 956 4399 NH
966 4349 975 4415 ll
995 4352 1027 4399 18
1047 4347 1084 4399 ad
1102 4346 1181 4401 donis
1198 4363 1274 4415 supr.
1293 4363 1360 4401 uera
1380 4347 1464 4400 sacri·

186 4417 257 4473 ficiis
275 4417 341 4486 quia
360 4420 389 4471 et
406 4417 513 4486 templa
531 4416 647 4470 donaria
666 4416 795 4470 dicuntur
815 4418 840 4469 Τ
860 4419 870 4486 ΙΙ
893 4424 925 4470 31
946 4417 1019 4471 61611
1037 4417 1070 4469 Η
1085 4419 1095 4486 ll
1113 4417 1234 4472 consulit
1257 4419 1369 4487 propria
1392 4418 1464 4472 dixit

187 4490 255 4558 quia
272 4490 413 4558 aruspices
433 4492 498 4542 tune
517 4488 647 4541 dicuntur
665 4488 807 4541 consulere
825 4489 937 4556 quando
956 4488 1110 4557 inspiciunt
1128 4490 1192 4542 exta
1210 4495 1234 4543 et
1253 4490 1287 4543 ab
1306 4490 1366 4544 olio
1378 4507 1464 4543 enouu

187 4562 252 4614 exta
270 4560 439 4629 singularem
460 4576 516 4613 non
534 4559 621 4612 habet
639 4561 671 4611 ut
689 4575 767 4611 arma
788 4558 812 4610 Τ
824 4560 833 4627 ΙΙ
846 4560 958 4629 proprie
978 4559 1049 4614 dixit
1064 4564 1151 4614 ...ut
1170 4576 1248 4613 arma
1265 4561 1326 4615 laub.
1338 4562 1463 4617 Austros.

186 4636 337 4699 sequentur
359 4631 425 4685 ibid.
450 4629 572 4684 comixta
594 4630 728 4699 grandine
752 4629 862 4683 nimbus
886 4650 1010 4684 murmur
1038 4631 1109 4685 caeli
1137 4631 1173 4685 ad
1201 4630 1352 4685 infaustum
1381 4648 1463 4686 omen

187 4702 321 4771 pertinet,
340 4702 406 4771 quia
422 4701 529 4756 tonitru
543 4702 710 4756 dirimuntur
724 4699 856 4770 auspicia.
876 4705 911 4769 cs.
926 4704 964 4757 ud
977 4721 1001 4756 o.
1013 4709 1061 4757 161
1078 4704 1136 4771 lii
1149 4703 1278 4756 sacerdos
1292 4703 1328 4769 L,
1347 4721 1415 4757 corr.
1431 4704 1442 4757 l
1455 4703 1465 4775 11

188 4779 223 4827 25
242 4773 300 4827 uim
320 4774 440 4828 amantis
455 4774 554 4827 FMt:
572 4772 638 4826 uiua
656 4773 757 4826 mantis
771 4773 804 4825 N
806 4773 832 4825 L
839 4773 872 4825 H
891 4774 949 4827 uim
969 4774 1088 4828 amentis
1101 4791 1122 4827 u
1134 4776 1144 4844 ΙΙ
1158 4780 1191 4827 26
1211 4775 1368 4829 sacerdotes
1385 4774 1464 4845 igna-

187 4860 234 4900 rae
253 4861 322 4914 srgo
340 4847 442 4899 amoris
461 4844 574 4913 reginae
594 4845 660 4912 quia
678 4848 845 4897 monuerunt
868 4862 921 4899 non
945 4846 1111 4899 credituram
1134 4845 1201 4912 quia
1218 4844 1268 4900 illa
1291 4846 1367 4914 (illae
1388 4848 1464 4901 Coru-

241 4943 315 4983 Servii
328 4955 408 4983 comm.
424 4945 473 4984 VoL
489 4945 506 4983 1.
522 4945 587 4984 Fuso.
601 4944 633 4983 ΙΙ.
1218 4942 1250 4988 31
