3396 5422
706 380 919 437 1111111110.
1389 386 1451 468 nm

174 542 229 608 sed
254 564 326 608 cum
349 542 459 627 aliqua
482 544 526 607 sit
548 544 633 607 inter
660 544 828 629 utriusque
857 543 956 608 verba
979 545 1169 630 similitudo,
1200 547 1286 611 haud
1315 548 1381 612 scio
1409 571 1449 612 an

175 649 305 716 Servius
329 650 397 714 eius
420 654 608 735 praecepta,
631 672 725 734 quem
744 651 887 716 Isidorus
901 655 1050 716 accurate
1064 658 1192 719 secutus
1212 655 1269 738 sit,
1293 655 1450 720 memoria

175 758 277 823 falsus
302 758 491 840 corruperit.

263 865 315 932 Or.
339 865 369 929 X
393 866 459 930 260
480 863 624 928 Isidorus
647 869 796 946 sequester
824 867 931 951 inquit
957 869 1071 932 de'citar
1097 869 1152 949 qai
1178 869 1363 934 emtordrbas
1389 890 1462 949 me

173 974 244 1038 dias
266 973 440 1051 intervenit,
463 973 519 1054 qai
540 972 626 1053 aptat
643 970 778 1036 Graecos
801 966 820 1036 ὁ
843 971 943 1056 μέσος
962 975 1090 1053 dicitur,
1113 977 1199 1057 apid
1214 997 1302 1057 quem
1315 978 1452 1059 pipaora

172 1082 283 1163 deponi
304 1079 408 1145 solent.
444 1081 526 1162 qaod
546 1079 724 1144 vocabalum
747 1079 787 1143 ab
808 1082 957 1161 sequendo
983 1082 1102 1162 sectam
1125 1087 1181 1161 est,
1207 1085 1289 1164 quod
1310 1085 1375 1148 eius
1397 1085 1452 1165 qui

171 1189 281 1252 electas
302 1188 344 1252 sit
365 1191 495 1268 retroque
517 1207 597 1269 pars
622 1187 714 1268 [111011
735 1192 890 1268 sequetur.
934 1210 1006 1252 cum
1033 1187 1084 1253 his
1114 1188 1274 1254 scholium
1299 1191 1342 1254 ad
1370 1191 1451 1254 Aen.

173 1292 222 1358 XI
257 1294 319 1358 133
358 1293 554 1377 adscriptum
595 1293 844 1377 comparandum
877 1298 945 1358 est:
991 1317 1073 1358 pren
1113 1317 1293 1367 sncvnsrnA
1334 1298 1451 1362 media:

172 1402 333 1482 sommae]
357 1406 505 1482 sequester
527 1405 571 1465 esi
594 1403 677 1482 [0111]
701 1402 820 1466 aredius
842 1403 922 1466 inter
944 1402 1021 1466 daos
1039 1403 1233 1486 altercantes,
1260 1405 1342 1485 [aet]
1366 1406 1453 1486 apncd

173 1529 262 1589 quem
288 1508 410 1590 aliquid
434 1509 479 1572 cd
504 1512 621 1588 tempus
652 1509 821 1592 seponitur,
850 1510 978 1589 [dictem
1006 1515 1108 1573 auem
1134 1531 1155 1573 a
1181 1512 1344 1594 sequendo,
1372 1512 1453 1592 quod

158 1616 241 1680 'eius
260 1616 316 1697 pai
338 1616 445 1680 electris
466 1615 509 1679 sii
526 1620 656 1696 atroque
665 1635 744 1697 pars
757 1616 849 1697 fidere
867 1617 1027 1697 sequitur]
1058 1637 1164 1698 pacem
1178 1638 1246 1700 erpo
1266 1623 1452 1699 sequestram

175 1723 315 1786 indutias
343 1724 430 1806 dicit,
455 1724 474 1787 i.
498 1745 521 1787 e.
547 1743 657 1805 pacem
684 1722 880 1803 termeraiera
902 1728 931 1786 et
956 1724 1089 1788 rudiam
1115 1725 1196 1787 irater
1224 1724 1334 1788 beilum
1357 1745 1448 1806 prae-

174 1831 298 1894 teritum
319 1833 348 1893 et
367 1830 520 1909 fulicam.
528 1825 552 1915 ¹)
590 1829 629 1893 de
653 1828 684 1891 vi
707 1828 808 1912 igitur
827 1827 1025 1913 ‘sequester'
1049 1831 1135 1895 vocis
1151 1852 1223 1894 cum
1242 1831 1449 1895 consentiant

173 1937 260 2001 inter
291 1958 325 2000 se
356 1933 488 2000 Servius
518 1939 551 2000 et
581 1934 725 2000 Isidorus
755 1956 859 2020 neque
888 1940 999 2000 tamen
1029 1937 1149 2001 eisdem
1179 1942 1315 2021 uterque
1344 1938 1452 2002 verbis

174 2065 252 2108 usus
275 2043 332 2125 sit,
359 2045 474 2108 contra
497 2063 579 2127 quae
602 2041 642 2106 de
666 2043 793 2127 origine
816 2043 965 2107 vocabuli
988 2043 1075 2107 illius
1099 2066 1118 2107 a
1140 2042 1339 2108 Floriacensi
1361 2043 1451 2108 scho-

173 2147 475 2214 liastaetlsidoro
499 2150 686 2213 dictasunt
713 2170 826 2214 eorum
854 2172 1028 2214 consensus
1057 2173 1128 2215 cum
1157 2152 1256 2214 etiam
1285 2150 1325 2214 ad
1353 2151 1453 2215 verba

176 2253 350 2337 pertineat,
372 2254 500 2338 plenius
517 2254 619 2320 Servii
642 2257 806 2340 exemplar
825 2258 867 2322 ab
881 2256 1070 2342 Hispalensi
1089 2258 1239 2342 episcopo
1258 2279 1323 2321 non
1342 2261 1452 2341 potest

176 2360 355 2444 inspectum
379 2383 460 2426 esse.
496 2362 543 2425 sic
565 2363 674 2445 potius
697 2386 748 2428 res
769 2386 803 2428 se
821 2363 942 2428 habere
963 2364 1098 2428 videtur.
1135 2364 1248 2428 eodem
1267 2363 1391 2428 scholio
1412 2364 1452 2428 ad

175 2490 203 2531 v.
228 2467 248 2530 l.
271 2466 434 2550 adscripto
457 2488 523 2532 non
547 2467 659 2532 eodem
682 2471 777 2534 modo
800 2470 931 2535 Servius
953 2470 1097 2535 Isidorus
1120 2470 1335 2535 Floriacensis
1360 2470 1452 2535 scho-

174 2575 287 2638 liastes
310 2574 361 2638 usi
385 2579 470 2639 sunt.
506 2575 662 2639 nimirum
686 2574 816 2641 Servius
839 2577 922 2640 nihil
946 2577 1020 2641 inde
1034 2577 1198 2643 derivavit
1221 2577 1284 2642 nisi
1308 2577 1394 2661 quod
1413 2577 1453 2641 ad

174 2681 414 2765 poetaeverba
437 2680 629 2764 explicanda
653 2704 734 2765 opus
763 2687 847 2767 erat,
875 2683 1033 2768 Isidorus,
1061 2685 1112 2748 eui
1139 2684 1323 2749 Luctatium
1352 2683 1453 2748 Placi-

175 2789 251 2853 dum
278 2787 319 2852 ad
347 2787 431 2856 Stat.
460 2787 561 2854 Theb.
583 2787 649 2853 VII
668 2789 733 2854 542
757 2789 854 2874 addo,
884 2792 994 2854 omnia
1024 2791 1208 2875 exscripsit,
1236 2789 1452 2854 Floriacensis

173 2897 332 2979 interpres
356 2895 442 2979 quod
465 2918 485 2960 a
508 2894 620 2962 Servio
645 2897 801 2961 omissum
824 2918 894 2961 esse
917 2897 1049 2962 videbat
1067 2897 1240 2982 supplevit.
1274 2898 1452 2962 communis

175 3006 282 3068 autem
305 3023 416 3066 eorum
439 3005 553 3067 auctor
582 3025 620 3067 ex
643 3003 678 3067 P.
701 3000 828 3067 Lavinii
853 3004 891 3067 de
914 3004 1019 3068 verbis
1049 3003 1188 3069 sordidis
1210 3005 1295 3069 libro
1319 3027 1377 3069 sua
1399 3026 1450 3088 pe·

174 3109 305 3193 tiverat,
328 3131 365 3173 ex
390 3131 454 3194 quo
477 3108 601 3174 Gellius
625 3106 702 3195 (XX
712 3090 774 3200 111)
799 3110 880 3174 haec
902 3111 1026 3194 profert
1050 3110 1237 3195 ‘utrumque
1260 3111 1452 3176 vocabulum

175 3215 256 3300 (scil
285 3216 400 3280 sculna
429 3220 463 3280 et
492 3215 674 3300 sequester)
705 3239 725 3280 a
755 3218 916 3300 sequendo
947 3218 1070 3281 factum
1095 3222 1158 3302 est,
1189 3217 1274 3302 quod
1305 3218 1373 3282 eius
1397 3218 1452 3301 qui

175 3323 296 3387 electus
319 3323 363 3386 sit
385 3324 523 3407 utraque
546 3345 622 3406 pars
642 3323 738 3387 fidem
763 3323 942 3407 sequatur'.
980 3325 1017 3390 cf.
1042 3324 1452 3409 81111.1111).11111.11.216,

177 3431 216 3494 11
240 3428 427 3494 Reiffersch.

265 3534 317 3601 Or.
341 3533 421 3600 XIV
443 3536 477 3618 4,
501 3534 544 3599 20
572 3557 635 3618 qua
658 3537 862 3620 paragrapho
893 3537 931 3600 de
960 3536 1077 3600 Tuscia
1105 3537 1213 3621 agitur
1240 3535 1383 3600 Isidorus
1412 3535 1452 3598 iis

176 3664 258 3727 quae
282 3664 320 3705 ex
344 3640 446 3706 Servii
469 3639 509 3704 ad
534 3640 749 3706 1101111181
776 3641 899 3706 scholio
923 3642 1124 3726 deprompsit
1145 3642 1226 3707 haec
1249 3666 1286 3707 en
1311 3641 1453 3706 eiusdem

175 3748 217 3814 ad
239 3748 319 3812 Aen.
342 3746 406 3812 XII
431 3748 494 3812 753
519 3747 643 3812 scholio
667 3749 863 3832 interposuit
897 3750 1025 3814 Vmbria
1051 3772 1121 3815 cero
1141 3773 1219 3833 pars
1244 3751 1382 3815 Tusciae.
1418 3749 1453 3812 in

175 3857 216 3921 iis
239 3877 320 3940 quae
343 3858 364 3935 ξ
387 3855 428 3919 21
453 3854 492 3918 de
514 3852 653 3918 Vmbria
677 3856 862 3921 dictasunt
891 3857 1046 3940 quaedam
1076 3880 1148 3922 cum
1172 3856 1387 3923 Floriacensis
1412 3857 1451 3921 ad

174 3962 245 4028 XII.
281 3961 358 4025 libri
387 3983 515 4026 versum
543 3961 764 4028 additamento
795 3965 1008 4030 consentiunt.
1046 3965 1102 4030 sed
1130 3966 1224 4030 facile
1252 3965 1453 4050 intellegitur

174 4091 256 4154 quae
278 4068 332 4132 his
356 4067 435 4132 locis
464 4068 503 4132 de
527 4068 727 4134 Vmbrorum
755 4073 788 4133 et
816 4072 941 4154 origine
965 4075 999 4135 et
1021 4073 1151 4136 nomine
1174 4073 1323 4156 exposita
1346 4071 1454 4136 sinte

175 4174 280 4240 Servii
310 4175 446 4240 oonsilio
481 4177 588 4243 aliena
619 4199 697 4242 esse.
741 4200 839 4262 quare
869 4183 906 4243 ut
936 4179 1152 4244 Floriacensis
1183 4179 1374 4244 scholiastes
1405 4178 1452 4241 ita

173 4282 319 4347 Isidorus
350 4281 449 4347 alium
479 4288 644 4349 auctorem
675 4288 803 4350 secutus
834 4288 892 4349 est
937 4285 975 4352 cf.
1006 4309 1053 4350 or.
1080 4286 1127 4352 IX
1154 4287 1189 4369 2,
1217 4285 1269 4350 81.
1313 4287 1453 4368 quaesit.

175 4388 265 4455 Serv.
287 4412 317 4473 p.
341 4390 370 4454 6.

262 4495 353 4571 Quae
376 4495 522 4561 Isidorus
551 4519 595 4561 or.
619 4497 680 4562 XV
703 4499 739 4582 2,
763 4500 807 4562 22
831 4499 962 4582 scripsit
989 4498 1089 4563 Porta
1118 4500 1232 4564 decer
1258 4498 1333 4579 qaia
1354 4503 1454 4580 potest

173 4603 219 4668 vel
240 4604 405 4685 importari
427 4604 549 4686 aliquid
568 4604 615 4669 vei
636 4606 806 4687 exportari,
829 4608 955 4689 proprie
976 4611 1079 4671 cutem
1096 4611 1190 4688 porta
1211 4610 1268 4669 oret
1289 4605 1376 4669 urbis
1397 4611 1453 4670 cat

248 4832 273 4899 1)
293 4847 366 4900 quae
384 4831 464 4887 oncis
484 4831 629 4900 quadratis
647 4831 748 4886 inclusi
767 4830 926 4903 pleniorum
945 4833 1080 4888 librorum
1099 4832 1172 4888 suut
