3396 5422
244 369 330 426 XCIV
770 370 987 426 PRAEFATIO.

244 534 319 599 dixi.
362 557 378 598 e
407 533 565 619 Georgii
593 534 767 599 Fabricii
799 534 986 601 recensione
1011 533 1115 600 Servii
1143 538 1325 599 commenta
1353 537 1524 620 quinquies

244 639 330 704 edita
353 644 438 705 sunt.
480 641 561 706 mihi
585 642 661 705 anni
687 641 772 706 1575
801 642 967 725 exemplar
995 642 1035 706 ad
1064 663 1196 706 manum
1223 641 1294 706 fuit.
1338 643 1424 726 quod
1453 665 1524 708 eam

244 747 418 812 editionem
448 770 529 832 quae
559 770 643 814 anno
675 749 760 812 1613
789 771 808 813 0
836 748 999 814 liudovico
1023 747 1123 813 Lucio
1152 752 1264 813 curata
1292 753 1342 813 est
1371 749 1524 814 adhibere

243 876 308 919 non
330 855 439 939 potui,
463 875 559 939 aegre
582 854 749 920 ferendum
779 877 848 920 esse
872 856 978 942 video,
1006 878 1083 920 nam
1107 877 1188 939 quae
1212 853 1293 920 Aen.
1316 854 1366 919 III
1392 856 1448 939 14,
1472 857 1523 940 15,

244 962 286 1025 63
310 961 466 1026 Μο111010
490 984 510 1025 0
532 982 583 1025 me
606 961 732 1026 tributa
755 967 831 1028 sunt
855 961 998 1026 Thomas
1022 959 1066 1048 (p.
1093 959 1148 1046 16)
1172 962 1300 1027 monuit
1327 962 1367 1026 ad
1387 962 1522 1027 Lucium

243 1067 411 1133 referenda
438 1066 547 1132 fuisse.
585 1068 641 1151 qui
669 1090 741 1133 cum
768 1067 943 1133 Danielina
971 1089 1099 1151 quoque
1128 1068 1253 1133 scholia
1282 1069 1432 1153 ediderit,
1459 1069 1523 1134 101-

243 1179 330 1239 10110
353 1174 387 1238 in
411 1173 463 1238 his
487 1175 567 1258 ipsis
592 1176 800 1240 emendandis
824 1199 890 1242 non
918 1176 1010 1240 nulla
1036 1175 1163 1239 invenit
1191 1198 1328 1260 quorum
1353 1196 1414 1260 ego
1437 1175 1523 1241 Mas-

243 1281 363 1345 11011111
396 1285 559 1345 auctorem
589 1303 671 1367 esse,
690 1281 764 1347 dixi.
810 1283 848 1347 de
880 1281 987 1346 Petri
1019 1280 1197 1346 Danielis
1231 1283 1408 1366 exemplari
1437 1283 1523 1366 quod

243 1386 378 1452 Parisiis
407 1410 434 1453 a.
465 1388 551 1453 1600
580 1389 664 1472 apud
694 1387 922 1454 Sebastianum
950 1386 1129 1452 Nivellium
1160 1389 1282 1472 prodiit
1313 1411 1411 1473 supra
1443 1391 1523 1455 satis

244 1494 366 1559 dictum
389 1499 448 1559 est.
490 1518 528 1559 ex
552 1516 589 1559 οο
613 1518 714 1580 prope
737 1499 842 1561 totum
868 1494 987 1579 pendet
1005 1494 1086 1558 illud
1102 1495 1188 1578 quod
1208 1519 1228 1560 a
1242 1493 1394 1561 Cornelio
1410 1495 1521 1562 Schra-

244 1602 328 1667 velio
353 1607 499 1668 curatum
524 1602 765 1668 Abrahamus
790 1601 1053 1668 Commelinus
1078 1601 1519 1688 011016461111110111111Βο-

242 1713 391 1774 tavorum
415 1710 527 1793 edidit3
552 1710 641 1775 cuius
666 1733 747 1795 quae
771 1712 902 1795 propria
921 1717 997 1774 sunt
1012 1706 1148 1774 Claudio
1164 1706 1325 1774 Salmasio
1344 1711 1521 1774 maximam

242 1820 368 1900 partem
393 1817 559 1882 debentur.
568 1814 592 1902 ¹)
635 1818 800 1902 superiore
824 1817 954 1882 saeculo
975 1815 1122 1880 Serviani
1141 1814 1365 1880 commentarii
1389 1838 1409 1880 0
1431 1814 1522 1880 Pan·

243 1925 367 1989 cratio
399 1923 586 1989 Masvicio
628 1923 826 1988 Leovardiae
859 1947 886 1988 a.
921 1923 1005 1988 1717
1039 1926 1072 1987 01
1105 1945 1125 1986 0
1156 1921 1272 1988 Petro
1305 1920 1522 1987 Burmanno

244 2030 500 2095 Amstelaedami
523 2053 550 2094 a.
577 2030 661 2094 1746
686 2031 764 2094 editi
789 2035 872 2095 sunt.
914 2030 971 2094 ille
986 2029 1148 2094 Theodori
1161 2027 1281 2112 Ryckii
1301 2028 1427 2094 schedis
1446 2052 1524 2094 usus

242 2142 292 2202 est
316 2138 433 2221 quibus
457 2160 529 2203 cum
554 2137 692 2202 aliorum
716 2137 861 2202 codicum
889 2142 958 2202 tum
983 2136 1080 2220 Regii
1104 2138 1137 2200 et
1159 2134 1419 2219 Daventricnsis,
1443 2157 1524 2220 quos

243 2266 341 2327 supra
372 2243 635 2327 commemoravi,
666 2244 845 2328 scripturae
877 2250 910 2309 et
940 2244 1109 2309 doctorum
1141 2243 1341 2326 quorundam
1372 2243 1525 2327 virorum,

243 2351 344 2415 veluti
368 2349 526 2436 Scaligeri
551 2355 584 2415 ct
606 2349 773 2436 Salmasii,
793 2352 1033 2416 emendationes
1054 2350 1312 2415 continebantur.
1354 2354 1523 2434 praeterea

242 2457 386 2523 Vdalrici
419 2457 507 2523 Galli
538 2459 703 2542 exemplar
734 2461 767 2523 et
790 2457 987 2524 Genevensis
1014 2457 1112 2522 editio
1145 2456 1199 2544 (01
1230 2456 1373 2522 Thomas
1403 2479 1434 2541 p.
1459 2458 1523 2522 343

243 2563 336 2650 extr.)
360 2588 380 2629 a
403 2565 498 2631 docto
523 2566 653 2631 homine
673 2566 799 2651 aliquot
817 2566 896 2630 locis
917 2564 1086 2630 emendata
1110 2564 1140 2627 ei
1163 2563 1204 2627 ad
1231 2586 1364 2628 manum
1391 2563 1523 2629 fuerunt

243 2669 295 2754 (01.
319 2672 420 2755 praef.
443 2696 473 2757 p.
489 2671 533 2759 3).
560 2670 741 2738 Burmanni
770 2673 896 2739 codices
924 2694 1024 2755 supra
1052 2670 1206 2753 descripti
1233 2673 1323 2755 sunt,
1350 2672 1430 2735 item
1457 2671 1521 2736 duo

242 2776 502 2864 Guelferbytani,
527 2801 607 2864 quos
631 2780 755 2864 primus
779 2778 929 2844 adhibuit
957 2778 1148 2842 Albertus
1171 2775 1280 2861 Lien,
1304 2779 1395 2842 cuius
1419 2799 1522 2843 exem-

243 2885 315 2968 plar
339 2908 366 2951 a.
393 2887 477 2951 1826
502 2886 680 2970 Gottingae
703 2885 826 2969 publici
849 2886 928 2950 iuris
952 2884 1075 2950 factum
1099 2887 1156 2949 est.

123 2995 135 3024 ⁰
166 3049 179 3077 0
206 3050 216 3077 ,
333 2991 446 3069 Finem
470 2994 555 3059 facio
579 2993 748 3076 praefandi
773 2993 811 3057 de
842 2993 1100 3059 conformatione
1128 2996 1161 3058 et
1183 2991 1299 3057 habitu
1324 3012 1428 3055 novae
1456 2992 1521 3056 edi-

99 3097 344 3185 0111111001
373 3122 475 3183 pauca
503 3099 620 3165 dicens.
660 3103 698 3163 ut
726 3100 766 3164 ab
794 3100 908 3164 indicis
936 3101 1063 3166 ratione
1091 3097 1331 3182 comprobanda
1358 3098 1522 3182 incipiam,

243 3205 318 3289 quid
349 3207 419 3290 ipse
444 3205 573 3270 Servius
603 3205 687 3270 libro
718 3228 776 3270 suo
806 3207 1021 3291 inscripserit,
1053 3228 1126 3271 cum
1152 3224 1272 3288 magna
1302 3198 1349 3267 sit
1376 3205 1521 3269 codicum

241 3334 340 3376 manu
364 3313 559 3396 scriptorum
583 3312 621 3376 de
650 3334 687 3377 ea
715 3335 749 3377 re
778 3313 1009 3398 discrepantia,
1037 3313 1172 3396 despero
1199 3310 1389 3396 investigari
1416 3332 1521 3395 posse.

242 3419 364 3486 accedit
388 3420 473 3504 quod
496 3420 554 3484 illa
576 3419 746 3503 inscriptio
771 3441 869 3503 quam
898 3421 932 3484 in
961 3417 1197 3504 antiquissimis
1222 3417 1402 3501 quibusque
1425 3416 1519 3482 libris

240 3526 380 3590 maxime
407 3526 647 3610 frequentatam
679 3547 749 3591 esse
780 3527 925 3592 videmus
957 3527 1059 3592 Servii
1086 3524 1284 3610 grammatici
1313 3524 1458 3606 0011011110
1485 3526 1521 3588 c'n

241 3631 394 3697 bucolicon
416 3639 445 3697 ct
466 3635 501 3697 in
529 3633 617 3698 lubria
644 3634 803 3716 peorpc'cou
838 3640 928 3716 utque
959 3636 1127 3698 aeneadum
1152 3654 1218 3697 non
1251 3632 1356 3695 solum
1387 3634 1521 3714 propter

242 3738 329 3803 libris
356 3739 535 3803 ablativum
565 3742 661 3822 atque
689 3739 871 3805 Aeneadum
899 3741 979 3805 illud
1011 3742 1162 3824 suspecta
1192 3742 1255 3821 est,
1286 3738 1519 3801 verumetiam

242 3844 318 3926 quia
342 3842 488 3909 Servium
513 3845 577 3909 alio
602 3845 715 3910 ordine
739 3849 883 3912 carmina
910 3847 1049 3933 Vergilii
1077 3848 1328 3929 interpretatum
1352 3865 1422 3908 0110
1448 3864 1521 3909 con·
1637 3840 1641 3848 ’

242 3953 320 4015 stat:
362 3954 399 4014 ut
431 3974 503 4015 eum
537 3951 669 4017 titulum
700 3953 769 4015 tum
792 3953 960 4018 inventum
990 3976 1060 4017 0110
1088 3953 1232 4037 suspicer
1262 3973 1334 4015 cum
1362 3971 1520 4016 commen-

240 4058 398 4122 tariorum
423 4059 501 4123 ordo
526 4058 565 4122 ad
588 4057 781 4143 Vergiliana
805 4060 947 4124 carmina
971 4060 1145 4144 adaptatus
1169 4061 1264 4122 esset.
1307 4056 1519 4140 expositionis

241 4169 350 4229 autem
369 4164 436 4251 (101
451 4164 705 4249 explanationis)
720 4165 849 4229 nomine
864 4168 901 4229 ut
915 4167 1038 4231 scholia
1052 4164 1403 4250 comprehenderentur
1416 4163 1519 4247 ipsius

241 4268 346 4335 Servii
371 4272 564 4336 auctoritate
588 4275 698 4355 potest
713 4272 861 4336 effectum
885 4295 969 4355 esse,
993 4274 1112 4357 quippe
1136 4273 1191 4357 qui
1213 4273 1294 4338 haec
1317 4271 1351 4335 in
1365 4268 1518 4334 Aeneidis

239 4378 442 4461 praefatione
472 4378 639 4461 scripserit
666 4378 711 4464 (p.
737 4379 770 4462 1,
796 4378 828 4465 1)
856 4381 892 4443 in
919 4383 1104 4463 010110110πᾶ11
1130 4380 1306 4445 0001011101
1328 4378 1401 4442 nnec
1423 4376 1519 4442 consi-

314 4592 339 4659 1)
360 4589 394 4644 01.
413 4590 500 4659 praef.
516 4607 543 4660 p.
559 4596 574 4643 2
597 4589 659 4643 ‘nec
679 4589 764 4642 aliam
784 4591 820 4645 ob
835 4608 948 4645 causam
961 4591 1218 4661 praestantissimas
1238 4608 1362 4659 quasque
1382 4589 1519 4645 editiones

243 4669 439 4738 expressimus,
459 4672 490 4724 ut
508 4671 538 4725 in
556 4667 655 4724 Seruio
674 4667 859 4725 Parisiensem
878 4671 1030 4727 editionem
1048 4672 1078 4729 P.
1098 4671 1237 4740 Danielis,
1257 4687 1341 4738 quam
1360 4669 1440 4724 nobis
1458 4685 1518 4721 mu·

239 4753 290 4805 tuo
310 4752 426 4806 dederat
443 4750 632 4805 nobilissimus
654 4750 738 4816 atque
757 4748 986 4821 incomparabilis
1005 4752 1048 4807 vir
1067 4752 1200 4808 Claudius
1219 4750 1371 4806 Salmasius
1384 4748 1481 4805 multis
1500 4764 1518 4801 a

241 4848 269 4884 se
289 4829 358 4886 locis
377 4829 493 4900 propria
511 4846 595 4884 manu
614 4828 804 4885 emendatam:
823 4847 894 4899 quae
914 4832 954 4888 sic
973 4834 1099 4888 correcta
1116 4831 1207 4888 textui
1221 4830 1408 4887 inseruimus’.
