3396 5422
251 362 317 426 490
824 363 944 418 sunvss

251 528 398 611 Aeneam,
420 531 456 591 nl
477 527 512 591 in
529 527 635 608 primo
659 527 767 610 <498>
791 525 945 592 Didonem
969 526 1113 592 Manae:
1143 527 1290 609 quomodo
1310 547 1529 610 permonmrnm

249 635 376 716 nuptiae
398 654 460 698 esse
481 655 544 698 non
560 638 701 716 posmnt.

341 741 413 806 145.
450 767 558 808 caonas
584 762 683 806 saera.
773 759 900 808 cunnus
925 743 966 806 ab
990 764 1037 826 eo,
1060 740 1146 826 quod
1171 745 1220 807 est
1244 739 1367 808 ‘Cres’ss

341 849 412 913 146.
450 866 677 927 Duroensovn
710 850 823 934 populi
850 850 941 914 iuxta
968 850 1162 934 Parnasum,
1189 853 1226 914 ut
1253 849 1528 934 Dryopumque

215 955 409 1020 atrahcns
436 955 625 1022 Erasinus
653 956 807 1021 aristas.
851 957 1241 1039 Erasinnsueroflneins
1263 960 1313 1022 est.
1358 956 1519 1039 hipepali

249 1064 288 1128 ab
311 1064 445 1128 Hercule
463 1065 542 1142 violi,
561 1065 703 1146 Apollini
720 1064 828 1129 donati
843 1085 905 1129 esse
918 1067 1071 1130 elimentur.
1138 1080 1303 1141 promove
1328 1080 1527 1128 narrarem

249 1171 362 1255 populi
385 1175 460 1236 sunt
484 1170 645 1255 Scythiae,
669 1173 810 1237 colentes
830 1171 1019 1254 Apollinem
1038 1171 1291 1256 hyperboreum,
1315 1171 1406 1236 cuius
1429 1171 1527 1254 logia,

248 1279 284 1343 id
304 1282 348 1342 esi
368 1299 522 1362 responsa,
545 1277 701 1344 feruntur.
735 1277 836 1363 ‘picti'
860 1283 979 1362 autem,
1002 1300 1068 1344 non
1088 1279 1244 1364 stigmata
1262 1278 1431 1362 habentes,
1448 1280 1526 1343 siant

246 1406 320 1468 pens
344 1387 379 1450 in
397 1385 585 1464 Britannia,
608 1385 664 1450 sed
687 1386 824 1471 pulchri,
847 1387 909 1451 hoc
932 1391 985 1451 est
1007 1408 1128 1472 cyanea
1152 1408 1245 1452 coma
1267 1385 1442 1469 placentes.
1473 1385 1528 1450 lios

198 1499 230 1548 10
249 1493 397 1558 Melirens
423 1493 462 1557 ab
489 1492 625 1558 Homero
653 1492 831 1574 †Actabas
867 1494 1019 1575 appellasti
1041 1494 1104 1557 ait:
1137 1495 1193 1575 qai
1215 1498 1342 1576 prepter
1368 1494 1527 1558 seientiam

248 1601 435 1682 capillarum
458 1600 602 1682 Apollini
622 1605 696 1664 sant
713 1601 858 1683 prepales,
882 1601 962 1665 siem
984 1599 1093 1666 metes.

339 1707 412 1771 147.
448 1724 577 1772 cru‘rffl
601 1707 721 1772 montis
744 1707 827 1773 Deli.
916 1725 1108 1772 ravennam
1138 1710 1376 1794 unguentatum
1403 1712 1432 1771 ei
1457 1709 1526 1773 oola-

247 1813 333 1878 mlms
364 1814 588 1879 abundantem:
620 1805 676 1879 ani
701 1815 863 1897 molinam
893 1819 922 1879 et
952 1805 1098 1896 effusam,
1134 1819 1170 1880 nl
1207 1809 1267 1882 τὸν
1300 1809 1526 1900 ἀκερσεκόμην

248 1921 405 2003 sipniiicel.

196 2036 229 2084 15
340 2029 411 2093 148.
448 2054 564 2094 aaaron
581 2054 691 2094 anunm
710 2029 745 2093 id
766 2032 810 2093 esi
831 2027 1105 2110 comprehendendo
1128 2029 1242 2094 crinem
1260 2029 1362 2110 efficii,
1383 2050 1422 2094 ne
1439 2029 1527 2111 final.

248 2152 397 2201 mucuns
425 2156 622 2220 componens,
649 2139 686 2199 ut
712 2133 814 2218 <VIII
829 2135 929 2219 634>
957 2156 1120 2217 corpora
1147 2135 1307 2222 lingere.
1393 2162 1529 2202 iurarem

249 2267 327 2308 arno
352 2263 416 2307 non
436 2243 583 2325 frontem,
605 2243 658 2307 seri
674 2244 802 2327 minan,
824 2243 879 2324 qni
896 2246 940 2308 est
957 2242 1006 2306 illi
1023 2246 1190 2306 retrorsum
1204 2244 1239 2306 in
1252 2243 1367 2307 nodum
1380 2243 1527 2308 colluam.

339 2349 411 2413 149.
448 2365 699 2414 renascatur
727 2376 834 2416 enarra
859 2354 897 2415 ut
924 2350 958 2414 in
981 2371 1067 2414 nono
1091 2349 1198 2434 <657>
1225 2351 1526 2435 pharetramque

248 2455 340 2541 fuga
371 2477 515 2521 sensere
543 2460 752 2522 sonantem.
844 2457 979 2522 ‘ameris’
1003 2478 1071 2522 uero
1093 2462 1150 2522 ant
1172 2455 1218 2522 ‘in
1240 2457 1376 2537 numeria',
1398 2462 1454 2522 ant
1477 2457 1525 2522 ‘en

194 2570 228 2619 20
246 2563 381 2629 nmeris’.
471 2583 566 2629 HAVD
595 2583 678 2630 runo
708 2583 858 2631 naamon
885 2566 919 2630 id
947 2570 1010 2650 est,
1041 2588 1108 2630 non
1140 2565 1199 2629 illo
1228 2565 1417 2631 deformior:
1449 2587 1526 2629 nam

246 2672 435 2755 plerumque
459 2673 562 2736 virtus
586 2676 619 2737 θὴ
641 2673 847 2757 pulchritudo
870 2695 930 2756 pro
950 2695 983 2737 εθ
1002 2673 1141 2738 invicem
1159 2675 1332 2756 ponuntur.
1377 2672 1452 2736 hinc
1476 2678 1527 2736 θεὴ

247 2778 441 2862 <v11656>
469 2783 577 2845 satus
606 2779 772 2845 Hercule
805 2780 965 2864 pulchro
998 2779 1159 2864 pulcher
1191 2779 1421 2867 Aventinus:
1449 2802 1526 2844 nam

246 2887 380 2952 Herculi
404 2887 484 2950 satis
509 2891 559 2951 est
586 2887 765 2974 incongrua
792 2887 1009 2971 pulchritudo.
1056 2888 1102 2952 sic
1133 2887 1268 2953 Plautus
1297 2889 1331 2951 in
1358 2887 1524 2972 Pyrgopo·

247 2994 342 3058 linice
366 2995 405 3059 de
428 2995 562 3059 muliere
584 2996 754 3078 interropal
777 2994 969 3079 quidnam,
997 2993 1116 3059 fortis
1140 2995 1222 3059 est?
1250 2994 1283 3058 id
1307 2997 1357 3058 θεὴ
1380 2993 1525 3078 pulchra.

246 3205 261 3258 f
276 3135 565 3260 ΥΜὴΙ.)1γ<ἰῑξιιιιιῳιθ]
587 3134 658 3189 Stat.
679 3135 765 3189 Theb.
784 3134 823 3189 IV
839 3140 888 3188 122
903 3136 913 3204 ΙΙ
927 3140 959 3188 23
975 3134 1104 3204 Plautus]
1123 3135 1181 3188 mil.
1202 3133 1271 3202 glor.
1293 3139 1361 3188 1106
1375 3133 1407 3187 R.
1429 3132 1526 3201 ‘ecqui

258 3223 275 3262 o
345 3224 420 3261 msas

320 3339 333 3385 1
353 3334 385 3386 ut
403 3348 452 3387 orn.
467 3331 505 3400 F,
524 3310 587 3388 add.
597 3331 701 3386 Daniel
713 3333 752 3401 113
772 3332 810 3386 ad
828 3331 927 3385 choros
945 3347 1020 3399 anpr.
1040 3346 1105 3384 aera.
1122 3347 1202 3384 sacra
1218 3330 1243 3382 T
1255 3332 1265 3400 ΙΙ
1278 3329 1459 3454 cresqpcretes
1475 3328 1506 3381 F
1516 3330 1525 3399 Η

246 3411 445 3464 tumoresque
466 3402 524 3456 FL
551 3422 723 3465 msrorasovs
742 3403 776 3456 N
797 3421 985 3463 praecessore
1004 3402 1038 3455 H
1048 3404 1057 3471 ΙΙ
1074 3404 1107 3456 ut
1125 3402 1317 3471 dryopumque
1373 3403 1431 3455 :ut
1448 3418 1524 3454 urso-

246 3492 362 3544 rumque
380 3475 413 3527 N
418 3475 455 3528 M
480 3476 513 3528 ut
530 3492 697 3545 usorumque
717 3474 743 3528 L
763 3476 805 3542 (ut
823 3473 1006 3543 dricpumque
1025 3475 1045 3541 l)
1064 3474 1286 3541 titursorumquc
1305 3473 1335 3525 Η
1354 3474 1364 3542 ΙΙ
1381 3472 1419 3526 ad
1436 3472 1524 3541 Dryo-

246 3563 444 3672 111122·
452 3546 835 3673 ellthhp‘lllhmihll
854 3543 1367 3686 llttltltt‘ltllllttl
1380 3542 1526 3669 ruffi,

245 3636 378 3757 snperagcr.
399 3690 408 3742 l
431 3690 440 3757 ll
466 3636 621 3759 plglentes]
650 3636 728 3759 lilia
751 3691 845 3743 autem
869 3688 1000 3741 dicuntur
1023 3704 1156 3756 responsa
1179 3687 1241 3741 add.
1262 3685 1293 3738 F
1318 3685 1385 3740 licet
1408 3686 1442 3739 de
1467 3685 1525 3738 illis

246 3759 351 3814 lectum
370 3759 418 3813 sit:
448 3760 599 3829 Agathyrsi
622 3777 672 3814 ora
694 3762 825 3828 artusque
843 3760 964 3828 pingunt
981 3761 1013 3811 ut
1030 3763 1133 3826 quique
1152 3757 1305 3812 maioribus
1323 3760 1468 3827 praestant
1485 3758 1526 3810 ita

246 3830 336 3900 magis
356 3831 399 3884 vel
419 3830 519 3894 minna
541 3833 664 3885 ceterum
682 3831 783 3886 iisdem
802 3847 898 3884 omnes
916 3830 990 3883 notis
1009 3831 1038 3883 et
1056 3830 1095 3883 sic
1114 3832 1146 3883 ut
1160 3829 1237 3884 ablui
1251 3830 1394 3898 nequeant
1407 3830 1470 3883 add.
1487 3828 1524 3883 D.
1551 3833 1555 3842 ’

246 3903 281 3970 cs.
301 3902 468 3970 Pomponiae
493 3903 571 3956 Mela
594 3902 619 3955 H
641 3910 652 3956 1
682 3904 691 3971 ΙΙ
719 3908 752 3957 10
776 3901 918 3971 Achabas]
945 3896 1048 3971 Ἀβίοθς
1073 3902 1201 3970 Hepnina
1218 3918 1273 3956 ene.
1293 3902 1319 3953 Il
1343 3902 1380 3954 ad
1398 3900 1465 3954 Aen.
1486 3898 1548 3952 IV·

241 3991 272 4043 p.
293 3978 344 4027 718
367 3974 407 4026 ed.
431 3972 477 4026 IV.
500 3974 616 4039 fortunae
640 3974 771 4027 Melissae
793 3975 826 4027 de
850 3973 887 4026 Il.
907 3971 973 4025 XIII
992 3977 1007 4024 5
1037 3967 1154 4041 ἀγαυῶν
1168 3968 1361 4041 Ἱππημοὴγῶν
1385 3972 1524 4040 copilaeil,

245 4046 295 4100 nti
312 4046 391 4099 ectol.
407 4045 467 4097 AB
484 4038 591 4113 'elyuool
610 4041 700 4114 ὄνομα
721 4044 825 4106 ἔθνους
838 4046 847 4113 ΙΙ
861 4045 898 4097 ad
917 4043 1070 4113 Agathyrsi
1090 4061 1165 4112 supr.
1185 4061 1250 4098 rere.
1270 4043 1299 4096 hi
1318 4044 1434 4112 propter
1452 4041 1524 4111 peri-

245 4117 315 4171 tiam
335 4115 499 4186 sagittarum
518 4115 648 4171 dicuntur
666 4133 725 4169 esse
744 4116 872 4185 gregales
891 4114 1007 4196 apollini
1028 4115 1075 4185 Tu
1096 4122 1129 4168 12
1150 4117 1187 4169 ad
1204 4114 1277 4184 iugis
1295 4131 1371 4183 enpr.
1389 4130 1456 4168 vers.
1476 4115 1524 4168 ab·

245 4188 349 4243 latirus
368 4204 418 4256 pro
437 4187 606 4242 accusatiuo.
644 4204 694 4256 per
712 4187 779 4257 iuga
800 4187 846 4256 ΤΙΙ
860 4185 935 4257 ΒθΙι]
956 4188 1074 4253 cyathos
1094 4188 1157 4242 add.
1178 4186 1228 4256 Fr
1242 4187 1279 4240 nal
1297 4185 1429 4240 fluentem
1447 4201 1523 4253 supr.

245 4276 311 4316 vers.
331 4259 470 4328 prolixum
490 4259 547 4312 siue
567 4259 683 4313 effusum
700 4258 746 4328 ΤΙΙ
761 4265 794 4312 13
813 4260 928 4312 tonacer
947 4257 1069 4312 siconem
1083 4258 1120 4324 F,
1138 4274 1207 4314 corr.
1218 4258 1322 4312 Daniel
1335 4261 1344 4327 ΙΙ
1360 4263 1391 4310 15
1411 4259 1448 4311 ad
1462 4273 1523 4326 pre-

245 4331 298 4385 mit
314 4348 390 4400 anpr.
409 4347 476 4384 vere.
496 4329 525 4383 id
544 4333 588 4385 est
606 4329 709 4384 crinem
729 4329 817 4384 elficit
835 4328 1095 4398 comprehendendo
1113 4347 1148 4384 nc
1159 4329 1238 4404 ,fluat
1258 4329 1305 4398 ΤΙΙ
1318 4327 1523 4398 comprehendo

245 4402 350 4457 crinem
369 4401 399 4455 F
430 4401 629 4472 comprehenso
655 4401 730 4456 crine
754 4402 858 4455 Daniel
871 4402 981 4470 primns
1003 4402 1012 4469 ll
1037 4407 1068 4455 16
1088 4403 1120 4454 nt
1138 4443 1144 4455 .
1165 4444 1171 4456 .
1191 4442 1197 4453 .
1216 4401 1320 4469 fingere
1340 4417 1388 4454 om.
1409 4399 1439 4453 F
1454 4402 1464 4469 ΙΙ
1487 4401 1524 4453 ael

245 4473 364 4543 inplicat
381 4490 536 4542 anparere.
556 4473 649 4542 illigat
667 4472 697 4526 id
716 4474 759 4527 est
778 4474 883 4526 crinem
902 4472 950 4541 qui
969 4474 1030 4526 erat
1048 4475 1199 4527 retrorsum
1218 4472 1353 4526 collectus
1372 4472 1401 4525 in
1419 4471 1523 4525 nodum

247 4545 272 4598 T
294 4548 303 4615 ΙΙ
327 4553 359 4600 19
379 4547 415 4599 ad
434 4545 537 4599 umeris
555 4561 629 4614 anpr.
649 4561 716 4598 uere.
736 4544 831 4598 autin
850 4543 952 4598 umeris
974 4547 1023 4598 aut
1046 4561 1080 4598 ex
1102 4545 1204 4598 umeris
1226 4543 1251 4596 Τ
1271 4546 1281 4613 ὴ
1304 4549 1338 4597 20
1357 4545 1393 4597 ad
1413 4542 1523 4611 segnior

245 4633 320 4685 supr.
339 4633 405 4671 uera.
424 4617 599 4670 dissimillior
617 4616 676 4684 (sic)
697 4616 755 4669 siue
774 4615 925 4670 deformior
946 4614 971 4666 T
992 4617 1002 4684 ΙΙ
1028 4634 1100 4670 arvo
1120 4635 1179 4668 nno
1202 4620 1226 4668 et
1249 4632 1305 4669 non
1323 4615 1373 4668 illo
1398 4631 1447 4669 om.
1467 4613 1497 4667 F
1513 4615 1522 4684 Η

246 4695 277 4740 21
299 4689 502 4757 componuntur
521 4687 551 4741 F
561 4689 571 4757 l
585 4694 618 4740 23
638 4687 793 4756 incongrua
812 4689 855 4741 est
875 4685 905 4739 F
916 4688 925 4755 ΙΙ
938 4686 968 4740 in
986 4704 1074 4755 pyrgo
1093 4686 1229 4755 polinices
1248 4686 1343 4740 fabulet
1363 4684 1394 4738 F
1418 4685 1447 4738 in
1465 4685 1521 4754 pir-

245 4758 401 4828 gopolinite
415 4760 450 4813 N
468 4760 497 4813 in
516 4776 604 4828 pyrgo
624 4762 671 4829 (go
687 4760 696 4812 l
715 4775 748 4812 cu
762 4759 798 4827 L)
818 4757 935 4827 polinite
954 4757 981 4810 L
1003 4760 1033 4811 in
1051 4757 1258 4828 pyrgopclinite
1278 4758 1311 4810 H
1333 4757 1455 4826 inipirgc
1473 4773 1522 4825 po-

245 4829 332 4898 lynite
353 4832 458 4900 1111124
478 4831 605 4899 quitnam
624 4831 657 4883 N
