<?xml version="1.0" encoding="UTF-8"?>
<!DOCTYPE html PUBLIC "-//W3C//DTD XHTML 1.0 Transitional//EN"
    "http://www.w3.org/TR/xhtml1/DTD/xhtml1-transitional.dtd">
<html xmlns="http://www.w3.org/1999/xhtml" xml:lang="en" lang="en">
 <head>
  <title>
</title>
<meta http-equiv="Content-Type" content="text/html;charset=utf-8" />
  <meta name='ocr-system' content='tesseract 3.04.00' />
  <meta name='ocr-capabilities' content='ocr_page ocr_carea ocr_par ocr_line ocrx_word'/>
</head>
<body>
  <div class='ocr_page' id='page_1' title='image "./serviigrammatic00thilgoog_0170.png"; bbox 0 0 3396 5422; ppageno 0'>
   <div class='ocr_carea' id='block_1_1' title="bbox 491 369 1448 459">
    <p class='ocr_par' dir='ltr' id='par_1_1' title="bbox 491 369 1448 459">
     <span class='ocr_line' id='line_1_1' title="bbox 491 369 1448 459; baseline 0.01 -35"><span class='ocrx_word' id='word_1_1' title='bbox 491 369 604 459; x_wconf 79' lang='lat' dir='ltr'>sonu.</span> <span class='ocrx_word' id='word_1_2' title='bbox 625 369 664 424; x_wconf 77' lang='lat' dir='ltr'>IN</span> <span class='ocrx_word' id='word_1_3' title='bbox 683 369 789 427; x_wconf 78' lang='lat' dir='ltr'>Vnae.</span> <span class='ocrx_word' id='word_1_4' title='bbox 809 370 892 426; x_wconf 77' lang='lat' dir='ltr'>Aen.</span> <span class='ocrx_word' id='word_1_5' title='bbox 913 370 959 428; x_wconf 78' lang='lat' dir='ltr'>lv.</span> <span class='ocrx_word' id='word_1_6' title='bbox 979 376 1127 428; x_wconf 79' lang='lat' dir='ltr'>ars-ear.</span> <span class='ocrx_word' id='word_1_7' title='bbox 1381 370 1448 434; x_wconf 84' lang='grc'>523</span> 
     </span>
    </p>
   </div>
   <div class='ocr_carea' id='block_1_2' title="bbox 168 533 1520 3631">
    <p class='ocr_par' dir='ltr' id='par_1_2' title="bbox 168 533 1448 941">
     <span class='ocr_line' id='line_1_2' title="bbox 172 533 1378 619; baseline 0 -20"><span class='ocrx_word' id='word_1_8' title='bbox 172 534 238 599; x_wconf 90' lang='lat' dir='ltr'>sius</span> <span class='ocrx_word' id='word_1_9' title='bbox 263 533 300 618; x_wconf 82' lang='lat' dir='ltr'>&lt;I</span> <span class='ocrx_word' id='word_1_10' title='bbox 327 534 390 618; x_wconf 77' lang='lat'>79&gt;</span> <span class='ocrx_word' id='word_1_11' title='bbox 414 536 484 599; x_wconf 93' lang='lat' dir='ltr'>hos</span> <span class='ocrx_word' id='word_1_12' title='bbox 507 535 638 619; x_wconf 84' lang='lat' dir='ltr'>pueris</span> <span class='ocrx_word' id='word_1_13' title='bbox 663 536 833 599; x_wconf 90' lang='lat' dir='ltr'>monitus</span> <span class='ocrx_word' id='word_1_14' title='bbox 857 541 987 619; x_wconf 86' lang='lat' dir='ltr'>patres</span> <span class='ocrx_word' id='word_1_15' title='bbox 1012 535 1215 600; x_wconf 80' lang='lat' dir='ltr'><strong>infundere</strong></span> <span class='ocrx_word' id='word_1_16' title='bbox 1239 535 1378 618; x_wconf 80' lang='lat' dir='ltr'>lippos,</span> 
     </span>
     <span class='ocr_line' id='line_1_3' title="bbox 168 642 1448 728; baseline 0 -22"><span class='ocrx_word' id='word_1_17' title='bbox 168 659 304 707; x_wconf 74' lang='lat' dir='ltr'>mucra</span> <span class='ocrx_word' id='word_1_18' title='bbox 328 661 490 707; x_wconf 76' lang='lat' dir='ltr'>rnnnnnr</span> <span class='ocrx_word' id='word_1_19' title='bbox 513 659 647 706; x_wconf 77' lang='lat' dir='ltr'>Lvsssnn</span> <span class='ocrx_word' id='word_1_20' title='bbox 671 642 844 727; x_wconf 88' lang='lat' dir='ltr'>physicum</span> <span class='ocrx_word' id='word_1_21' title='bbox 873 644 958 707; x_wconf 92' lang='lat' dir='ltr'>enim</span> <span class='ocrx_word' id='word_1_22' title='bbox 987 646 1036 707; x_wconf 89' lang='lat' dir='ltr'>est</span> <span class='ocrx_word' id='word_1_23' title='bbox 1063 648 1099 707; x_wconf 91' lang='lat' dir='ltr'>ut</span> <span class='ocrx_word' id='word_1_24' title='bbox 1128 643 1321 728; x_wconf 76' lang='lat' dir='ltr'>qualitatem</span> <span class='ocrx_word' id='word_1_25' title='bbox 1349 642 1448 706; x_wconf 91' lang='lat' dir='ltr'>animi</span> 
     </span>
     <span class='ocr_line' id='line_1_4' title="bbox 173 750 1448 834; baseline 0.001 -21"><span class='ocrx_word' id='word_1_26' title='bbox 173 771 211 813; x_wconf 88' lang='lat' dir='ltr'>ex</span> <span class='ocrx_word' id='word_1_27' title='bbox 235 751 403 815; x_wconf 90' lang='lat' dir='ltr'>oculorum</span> <span class='ocrx_word' id='word_1_28' title='bbox 426 755 483 814; x_wconf 87' lang='lat' dir='ltr'>aut</span> <span class='ocrx_word' id='word_1_29' title='bbox 506 751 650 834; x_wconf 89' lang='lat' dir='ltr'>eorporis</span> <span class='ocrx_word' id='word_1_30' title='bbox 675 750 856 815; x_wconf 75' lang='lat' dir='ltr'>stabilitate</span> <span class='ocrx_word' id='word_1_31' title='bbox 881 755 937 814; x_wconf 85' lang='lat' dir='ltr'>aut</span> <span class='ocrx_word' id='word_1_32' title='bbox 955 750 1138 814; x_wconf 81' lang='lat' dir='ltr'>mobilitate</span> <span class='ocrx_word' id='word_1_33' title='bbox 1156 771 1334 815; x_wconf 87' lang='lat' dir='ltr'>noscamus.</span> <span class='ocrx_word' id='word_1_34' title='bbox 1371 771 1448 834; x_wconf 90' lang='lat' dir='ltr'>ergo</span> 
     </span>
     <span class='ocr_line' id='line_1_5' title="bbox 172 856 1372 941; baseline 0.001 -21"><span class='ocrx_word' id='word_1_35' title='bbox 172 857 268 922; x_wconf 90' lang='lat' dir='ltr'>modo</span> <span class='ocrx_word' id='word_1_36' title='bbox 292 857 363 922; x_wconf 91' lang='lat' dir='ltr'>vult</span> <span class='ocrx_word' id='word_1_37' title='bbox 386 857 556 922; x_wconf 82' lang='lat' dir='ltr'>ostendere</span> <span class='ocrx_word' id='word_1_38' title='bbox 579 858 723 921; x_wconf 85' lang='lat' dir='ltr'>Aeneam</span> <span class='ocrx_word' id='word_1_39' title='bbox 747 881 767 922; x_wconf 88' lang='lat' dir='ltr'>a</span> <span class='ocrx_word' id='word_1_40' title='bbox 789 858 956 941; x_wconf 92' lang='lat' dir='ltr'>proposito</span> <span class='ocrx_word' id='word_1_41' title='bbox 980 879 1045 922; x_wconf 93' lang='lat' dir='ltr'>non</span> <span class='ocrx_word' id='word_1_42' title='bbox 1068 878 1138 921; x_wconf 91' lang='lat' dir='ltr'>esse</span> <span class='ocrx_word' id='word_1_43' title='bbox 1162 856 1372 921; x_wconf 90' lang='lat' dir='ltr'>deviaturum.</span> 
     </span>
    </p>

    <p class='ocr_par' dir='ltr' id='par_1_3' title="bbox 258 964 1483 1053">
     <span class='ocr_line' id='line_1_6' title="bbox 258 964 1483 1053; baseline -0.003 -25"><span class='ocrx_word' id='word_1_44' title='bbox 258 965 332 1029; x_wconf 76' lang='lat'>332.</span> <span class='ocrx_word' id='word_1_45' title='bbox 369 990 472 1030; x_wconf 66' lang='lat' dir='ltr'>ovain</span> <span class='ocrx_word' id='word_1_46' title='bbox 491 964 537 1028; x_wconf 85' lang='lat' dir='ltr'>eet</span> <span class='ocrx_word' id='word_1_47' title='bbox 554 966 737 1053; x_wconf 45' lang='lat' dir='ltr'>,simpliciter</span> <span class='ocrx_word' id='word_1_48' title='bbox 760 966 868 1046; x_wconf 77' lang='lat' dir='ltr'>decipe,</span> <span class='ocrx_word' id='word_1_49' title='bbox 891 966 937 1030; x_wconf 84' lang='lat' dir='ltr'>eet</span> <span class='ocrx_word' id='word_1_50' title='bbox 958 986 1102 1029; x_wconf 82' lang='lat' dir='ltr'>ernerern.</span> <span class='ocrx_word' id='word_1_51' title='bbox 1468 977 1483 1024; x_wconf 81' lang='lat'>5</span> 
     </span>
    </p>

    <p class='ocr_par' dir='ltr' id='par_1_4' title="bbox 168 1070 1450 1476">
     <span class='ocr_line' id='line_1_7' title="bbox 260 1070 1449 1154; baseline -0.001 -18"><span class='ocrx_word' id='word_1_52' title='bbox 260 1072 333 1136; x_wconf 85' lang='lat'>333.</span> <span class='ocrx_word' id='word_1_53' title='bbox 370 1087 440 1136; x_wconf 77' lang='lat' dir='ltr'>nco</span> <span class='ocrx_word' id='word_1_54' title='bbox 465 1088 525 1154; x_wconf 78' lang='lat' dir='ltr'>TE,</span> <span class='ocrx_word' id='word_1_55' title='bbox 554 1088 646 1147; x_wconf 75' lang='lat' dir='ltr'><strong>QVAE</strong></span> <span class='ocrx_word' id='word_1_56' title='bbox 675 1089 832 1135; x_wconf 75' lang='lat' dir='ltr'><strong>PLVRIMA</strong></span> <span class='ocrx_word' id='word_1_57' title='bbox 861 1088 981 1136; x_wconf 72' lang='lat' dir='ltr'>nanno</span> <span class='ocrx_word' id='word_1_58' title='bbox 1017 1071 1235 1136; x_wconf 82' lang='lat' dir='ltr'>controversia</span> <span class='ocrx_word' id='word_1_59' title='bbox 1269 1074 1318 1134; x_wconf 90' lang='lat' dir='ltr'>est</span> <span class='ocrx_word' id='word_1_60' title='bbox 1345 1070 1449 1154; x_wconf 88' lang='lat' dir='ltr'>plena,</span> 
     </span>
     <span class='ocr_line' id='line_1_8' title="bbox 169 1177 1450 1262; baseline -0.002 -20"><span class='ocrx_word' id='word_1_61' title='bbox 169 1178 203 1242; x_wconf 92' lang='lat' dir='ltr'>in</span> <span class='ocrx_word' id='word_1_62' title='bbox 227 1200 291 1262; x_wconf 90' lang='lat' dir='ltr'>qua</span> <span class='ocrx_word' id='word_1_63' title='bbox 314 1182 348 1242; x_wconf 87' lang='lat' dir='ltr'>et</span> <span class='ocrx_word' id='word_1_64' title='bbox 370 1181 491 1262; x_wconf 88' lang='lat' dir='ltr'>purgat</span> <span class='ocrx_word' id='word_1_65' title='bbox 515 1178 654 1262; x_wconf 89' lang='lat' dir='ltr'>obiecta,</span> <span class='ocrx_word' id='word_1_66' title='bbox 682 1200 851 1243; x_wconf 89' lang='lat' dir='ltr'>removens</span> <span class='ocrx_word' id='word_1_67' title='bbox 875 1200 895 1241; x_wconf 88' lang='lat' dir='ltr'>a</span> <span class='ocrx_word' id='word_1_68' title='bbox 919 1200 953 1242; x_wconf 91' lang='lat' dir='ltr'>se</span> <span class='ocrx_word' id='word_1_69' title='bbox 977 1177 1098 1241; x_wconf 85' lang='lat' dir='ltr'>crimen</span> <span class='ocrx_word' id='word_1_70' title='bbox 1120 1177 1250 1262; x_wconf 83' lang='lat' dir='ltr'>ingrati,</span> <span class='ocrx_word' id='word_1_71' title='bbox 1274 1181 1307 1241; x_wconf 90' lang='lat' dir='ltr'>et</span> <span class='ocrx_word' id='word_1_72' title='bbox 1329 1178 1450 1242; x_wconf 85' lang='lat' dir='ltr'>veniali</span> 
     </span>
     <span class='ocr_line' id='line_1_9' title="bbox 168 1284 1449 1369; baseline 0.001 -20"><span class='ocrx_word' id='word_1_73' title='bbox 168 1285 271 1349; x_wconf 90' lang='lat' dir='ltr'>utitur</span> <span class='ocrx_word' id='word_1_74' title='bbox 294 1288 394 1368; x_wconf 85' lang='lat' dir='ltr'>statu,</span> <span class='ocrx_word' id='word_1_75' title='bbox 422 1284 655 1369; x_wconf 88' lang='lat' dir='ltr'>profectionem</span> <span class='ocrx_word' id='word_1_76' title='bbox 680 1307 772 1349; x_wconf 91' lang='lat' dir='ltr'>suam</span> <span class='ocrx_word' id='word_1_77' title='bbox 799 1289 988 1369; x_wconf 88' lang='lat' dir='ltr'>retorquens</span> <span class='ocrx_word' id='word_1_78' title='bbox 1016 1284 1050 1347; x_wconf 94' lang='lat' dir='ltr'>in</span> <span class='ocrx_word' id='word_1_79' title='bbox 1078 1284 1280 1348; x_wconf 85' lang='lat' dir='ltr'>voluntatem</span> <span class='ocrx_word' id='word_1_80' title='bbox 1310 1284 1449 1350; x_wconf 89' lang='lat' dir='ltr'>deorum.</span> 
     </span>
     <span class='ocr_line' id='line_1_10' title="bbox 169 1390 1450 1476; baseline -0.001 -22"><span class='ocrx_word' id='word_1_81' title='bbox 169 1391 270 1455; x_wconf 85' lang='lat' dir='ltr'>habet</span> <span class='ocrx_word' id='word_1_82' title='bbox 289 1391 387 1455; x_wconf 87' lang='lat' dir='ltr'>etiam</span> <span class='ocrx_word' id='word_1_83' title='bbox 407 1393 518 1455; x_wconf 89' lang='lat' dir='ltr'>finem:</span> <span class='ocrx_word' id='word_1_84' title='bbox 543 1414 618 1455; x_wconf 89' lang='lat' dir='ltr'>nam</span> <span class='ocrx_word' id='word_1_85' title='bbox 636 1398 757 1476; x_wconf 89' lang='lat' dir='ltr'>purgat</span> <span class='ocrx_word' id='word_1_86' title='bbox 776 1393 937 1456; x_wconf 89' lang='lat' dir='ltr'>obiectam</span> <span class='ocrx_word' id='word_1_87' title='bbox 956 1391 1068 1474; x_wconf 85' lang='lat' dir='ltr'>fugam</span> <span class='ocrx_word' id='word_1_88' title='bbox 1086 1391 1215 1455; x_wconf 91' lang='lat' dir='ltr'>nomine</span> <span class='ocrx_word' id='word_1_89' title='bbox 1230 1390 1450 1475; x_wconf 85' lang='lat' dir='ltr'>profectionis.</span> 
     </span>
    </p>

    <p class='ocr_par' dir='ltr' id='par_1_5' title="bbox 168 1447 1520 2755">
     <span class='ocr_line' id='line_1_11' title="bbox 258 1447 1502 1583; baseline -0.002 -21"><span class='ocrx_word' id='word_1_90' title='bbox 258 1498 333 1562; x_wconf 83' lang='lat'>335.</span> <span class='ocrx_word' id='word_1_91' title='bbox 369 1515 600 1564; x_wconf 76' lang='lat' dir='ltr'>Pnonnnlrnn</span> <span class='ocrx_word' id='word_1_92' title='bbox 624 1498 827 1583; x_wconf 89' lang='lat' dir='ltr'>praestitisse</span> <span class='ocrx_word' id='word_1_93' title='bbox 855 1504 883 1562; x_wconf 87' lang='lat' dir='ltr'>et</span> <span class='ocrx_word' id='word_1_94' title='bbox 910 1499 991 1562; x_wconf 92' lang='lat' dir='ltr'>bene</span> <span class='ocrx_word' id='word_1_95' title='bbox 1020 1497 1174 1581; x_wconf 84' lang='lat' dir='ltr'>gessisse:</span> <span class='ocrx_word' id='word_1_96' title='bbox 1204 1503 1236 1562; x_wconf 91' lang='lat' dir='ltr'>et</span> <span class='ocrx_word' id='word_1_97' title='bbox 1265 1503 1314 1562; x_wconf 91' lang='lat' dir='ltr'>est</span> <span class='ocrx_word' id='word_1_98' title='bbox 1343 1447 1502 1562; x_wconf 62' lang='lat' dir='ltr'>sermoiio</span> 
     </span>
     <span class='ocr_line' id='line_1_12' title="bbox 169 1603 1448 1690; baseline -0.001 -22"><span class='ocrx_word' id='word_1_99' title='bbox 169 1604 207 1668; x_wconf 91' lang='lat' dir='ltr'>de</span> <span class='ocrx_word' id='word_1_100' title='bbox 230 1604 297 1689; x_wconf 89' lang='lat' dir='ltr'>his,</span> <span class='ocrx_word' id='word_1_101' title='bbox 320 1605 376 1689; x_wconf 93' lang='lat' dir='ltr'>qui</span> <span class='ocrx_word' id='word_1_102' title='bbox 398 1628 456 1689; x_wconf 92' lang='lat' dir='ltr'>per</span> <span class='ocrx_word' id='word_1_103' title='bbox 480 1606 676 1670; x_wconf 90' lang='lat' dir='ltr'>contrarium</span> <span class='ocrx_word' id='word_1_104' title='bbox 702 1606 807 1690; x_wconf 88' lang='lat' dir='ltr'>magis</span> <span class='ocrx_word' id='word_1_105' title='bbox 830 1606 951 1669; x_wconf 89' lang='lat' dir='ltr'>lucent:</span> <span class='ocrx_word' id='word_1_106' title='bbox 981 1603 1151 1668; x_wconf 85' lang='lat' dir='ltr'>Terentius</span> <span class='ocrx_word' id='word_1_107' title='bbox 1169 1605 1231 1689; x_wconf 43' lang='grc' dir='ltr'>ἱ136</span> <span class='ocrx_word' id='word_1_108' title='bbox 1253 1626 1309 1667; x_wconf 90' lang='lat' dir='ltr'>me</span> <span class='ocrx_word' id='word_1_109' title='bbox 1332 1605 1448 1668; x_wconf 89' lang='lat' dir='ltr'>velim</span> 
     </span>
     <span class='ocr_line' id='line_1_13' title="bbox 169 1712 1504 1809; baseline -0.003 -32"><span class='ocrx_word' id='word_1_110' title='bbox 169 1734 271 1777; x_wconf 84' lang='lat' dir='ltr'>ames</span> <span class='ocrx_word' id='word_1_111' title='bbox 294 1717 576 1797; x_wconf 89' lang='lat' dir='ltr'>promerentem</span> <span class='ocrx_word' id='word_1_112' title='bbox 599 1717 733 1809; x_wconf 78' lang='lat' dir='ltr'>pater,</span> <span class='ocrx_word' id='word_1_113' title='bbox 748 1712 781 1776; x_wconf 90' lang='lat' dir='ltr'>id</span> <span class='ocrx_word' id='word_1_114' title='bbox 805 1715 854 1775; x_wconf 91' lang='lat' dir='ltr'>est</span> <span class='ocrx_word' id='word_1_115' title='bbox 877 1712 957 1775; x_wconf 90' lang='lat' dir='ltr'>bene</span> <span class='ocrx_word' id='word_1_116' title='bbox 981 1717 1139 1796; x_wconf 90' lang='lat' dir='ltr'>agentem.</span> <span class='ocrx_word' id='word_1_117' title='bbox 1179 1716 1211 1775; x_wconf 91' lang='lat' dir='ltr'>et</span> <span class='ocrx_word' id='word_1_118' title='bbox 1234 1712 1394 1795; x_wconf 90' lang='lat' dir='ltr'>congruit,</span> <span class='ocrx_word' id='word_1_119' title='bbox 1414 1716 1450 1773; x_wconf 88' lang='lat' dir='ltr'>ut</span> <span class='ocrx_word' id='word_1_120' title='bbox 1500 1732 1504 1743; x_wconf 82' lang='grc'><em>·</em></span> 
     </span>
     <span class='ocr_line' id='line_1_14' title="bbox 168 1817 1451 1904; baseline -0.003 -19"><span class='ocrx_word' id='word_1_121' title='bbox 168 1824 313 1903; x_wconf 85' lang='lat' dir='ltr'>praestet</span> <span class='ocrx_word' id='word_1_122' title='bbox 336 1820 392 1904; x_wconf 91' lang='lat' dir='ltr'>qui</span> <span class='ocrx_word' id='word_1_123' title='bbox 414 1821 495 1884; x_wconf 91' lang='lat' dir='ltr'>bene</span> <span class='ocrx_word' id='word_1_124' title='bbox 519 1820 601 1904; x_wconf 87' lang='lat' dir='ltr'>agit:</span> <span class='ocrx_word' id='word_1_125' title='bbox 627 1823 739 1885; x_wconf 91' lang='lat' dir='ltr'>contra</span> <span class='ocrx_word' id='word_1_126' title='bbox 763 1817 987 1884; x_wconf 79' lang='lat' dir='ltr'>‘commeritus&#39;</span> <span class='ocrx_word' id='word_1_127' title='bbox 1017 1821 1071 1900; x_wconf 84' lang='lat' dir='ltr'>qni</span> <span class='ocrx_word' id='word_1_128' title='bbox 1092 1820 1214 1900; x_wconf 82' lang='lat' dir='ltr'>aliquid</span> <span class='ocrx_word' id='word_1_129' title='bbox 1235 1819 1393 1900; x_wconf 77' lang='lat' dir='ltr'>delinquit,</span> <span class='ocrx_word' id='word_1_130' title='bbox 1416 1824 1451 1882; x_wconf 90' lang='lat' dir='ltr'>nt</span> 
     </span>
     <span class='ocr_line' id='line_1_15' title="bbox 168 1925 1450 2011; baseline -0.001 -21"><span class='ocrx_word' id='word_1_131' title='bbox 168 1927 248 1991; x_wconf 88' lang='lat' dir='ltr'>alibi</span> <span class='ocrx_word' id='word_1_132' title='bbox 270 1928 335 2010; x_wconf 82' lang='lat' dir='ltr'>ipse</span> <span class='ocrx_word' id='word_1_133' title='bbox 360 1928 518 1991; x_wconf 79' lang='lat' dir='ltr'>Terentius</span> <span class='ocrx_word' id='word_1_134' title='bbox 547 1927 635 2011; x_wconf 91' lang='lat' dir='ltr'>quid</span> <span class='ocrx_word' id='word_1_135' title='bbox 665 1927 870 1991; x_wconf 84' lang='lat' dir='ltr'>commerui</span> <span class='ocrx_word' id='word_1_136' title='bbox 899 1931 965 1990; x_wconf 90' lang='lat' dir='ltr'>aut</span> <span class='ocrx_word' id='word_1_137' title='bbox 991 1926 1163 2009; x_wconf 87' lang='lat' dir='ltr'>peccavi,</span> <span class='ocrx_word' id='word_1_138' title='bbox 1191 1931 1315 2010; x_wconf 88' lang='lat' dir='ltr'>pater,</span> <span class='ocrx_word' id='word_1_139' title='bbox 1343 1925 1376 1989; x_wconf 93' lang='lat' dir='ltr'>id</span> <span class='ocrx_word' id='word_1_140' title='bbox 1400 1929 1450 1989; x_wconf 90' lang='lat' dir='ltr'>est</span> 
     </span>
     <span class='ocr_line' id='line_1_16' title="bbox 169 2033 1499 2118; baseline -0.003 -20"><span class='ocrx_word' id='word_1_141' title='bbox 169 2033 246 2117; x_wconf 92' lang='lat' dir='ltr'>quid</span> <span class='ocrx_word' id='word_1_142' title='bbox 274 2034 358 2099; x_wconf 90' lang='lat' dir='ltr'>male</span> <span class='ocrx_word' id='word_1_143' title='bbox 383 2034 457 2118; x_wconf 83' lang='lat' dir='ltr'>egi?</span> <span class='ocrx_word' id='word_1_144' title='bbox 490 2039 519 2098; x_wconf 90' lang='lat' dir='ltr'>et</span> <span class='ocrx_word' id='word_1_145' title='bbox 545 2040 588 2099; x_wconf 85' lang='lat' dir='ltr'>est</span> <span class='ocrx_word' id='word_1_146' title='bbox 614 2055 738 2099; x_wconf 84' lang='lat' dir='ltr'>sensns:</span> <span class='ocrx_word' id='word_1_147' title='bbox 769 2039 1014 2116; x_wconf 84' lang='lat' dir='ltr'>qnnntnenrnqne</span> <span class='ocrx_word' id='word_1_148' title='bbox 1046 2054 1224 2098; x_wconf 86' lang='lat' dir='ltr'>ennrnerore</span> <span class='ocrx_word' id='word_1_149' title='bbox 1246 2034 1385 2117; x_wconf 84' lang='lat' dir='ltr'>potneris</span> <span class='ocrx_word' id='word_1_150' title='bbox 1413 2034 1448 2098; x_wconf 91' lang='lat' dir='ltr'>in</span> <span class='ocrx_word' id='word_1_151' title='bbox 1468 2048 1499 2095; x_wconf 81' lang='lat' dir='ltr'>lo</span> 
     </span>
     <span class='ocr_line' id='line_1_17' title="bbox 168 2142 1347 2224; baseline -0.002 -18"><span class='ocrx_word' id='word_1_152' title='bbox 168 2161 216 2205; x_wconf 84' lang='lat' dir='ltr'>rne</span> <span class='ocrx_word' id='word_1_153' title='bbox 239 2146 290 2206; x_wconf 84' lang='lat' dir='ltr'>tuo</span> <span class='ocrx_word' id='word_1_154' title='bbox 314 2143 454 2224; x_wconf 76' lang='lat' dir='ltr'>beneficio</span> <span class='ocrx_word' id='word_1_155' title='bbox 477 2143 607 2219; x_wconf 81' lang='lat' dir='ltr'>conlatu,</span> <span class='ocrx_word' id='word_1_156' title='bbox 630 2163 736 2206; x_wconf 84' lang='lat' dir='ltr'>eornrn</span> <span class='ocrx_word' id='word_1_157' title='bbox 760 2142 815 2206; x_wconf 87' lang='lat' dir='ltr'>tibi</span> <span class='ocrx_word' id='word_1_158' title='bbox 838 2142 939 2206; x_wconf 83' lang='lat' dir='ltr'>debere</span> <span class='ocrx_word' id='word_1_159' title='bbox 958 2143 1096 2223; x_wconf 76' lang='lat' dir='ltr'>pretione</span> <span class='ocrx_word' id='word_1_160' title='bbox 1119 2162 1182 2204; x_wconf 91' lang='lat' dir='ltr'>non</span> <span class='ocrx_word' id='word_1_161' title='bbox 1204 2162 1347 2223; x_wconf 72' lang='lat' dir='ltr'>repnpno.</span> 
     </span>
     <span class='ocr_line' id='line_1_18' title="bbox 169 2246 1450 2331; baseline 0.001 -21"><span class='ocrx_word' id='word_1_162' title='bbox 169 2265 361 2314; x_wconf 77' lang='lat' dir='ltr'>mammosa</span> <span class='ocrx_word' id='word_1_163' title='bbox 385 2265 528 2314; x_wconf 74' lang='lat' dir='ltr'>erenum</span> <span class='ocrx_word' id='word_1_164' title='bbox 553 2265 695 2313; x_wconf 81' lang='lat' dir='ltr'>nnrssnn</span> <span class='ocrx_word' id='word_1_165' title='bbox 720 2247 884 2312; x_wconf 70' lang='lat' dir='ltr'>‘memini&#39;</span> <span class='ocrx_word' id='word_1_166' title='bbox 910 2252 942 2313; x_wconf 89' lang='lat' dir='ltr'>et</span> <span class='ocrx_word' id='word_1_167' title='bbox 965 2248 1067 2312; x_wconf 74' lang='lat' dir='ltr'>‘illius</span> <span class='ocrx_word' id='word_1_168' title='bbox 1086 2246 1149 2311; x_wconf 83' lang='lat' dir='ltr'>rei&#39;</span> <span class='ocrx_word' id='word_1_169' title='bbox 1170 2247 1315 2331; x_wconf 79' lang='lat' dir='ltr'>dicimus,</span> <span class='ocrx_word' id='word_1_170' title='bbox 1333 2252 1370 2311; x_wconf 83' lang='lat' dir='ltr'>ut</span> <span class='ocrx_word' id='word_1_171' title='bbox 1388 2246 1450 2311; x_wconf 90' lang='lat' dir='ltr'>hoe</span> 
     </span>
     <span class='ocr_line' id='line_1_19' title="bbox 168 2354 1448 2438; baseline 0.001 -21"><span class='ocrx_word' id='word_1_172' title='bbox 168 2355 256 2420; x_wconf 88' lang='lat' dir='ltr'>loco:</span> <span class='ocrx_word' id='word_1_173' title='bbox 280 2360 313 2420; x_wconf 91' lang='lat' dir='ltr'>et</span> <span class='ocrx_word' id='word_1_174' title='bbox 337 2354 485 2419; x_wconf 75' lang='lat' dir='ltr'>‘memini</span> <span class='ocrx_word' id='word_1_175' title='bbox 509 2355 601 2420; x_wconf 90' lang='lat' dir='ltr'>illam</span> <span class='ocrx_word' id='word_1_176' title='bbox 625 2354 720 2438; x_wconf 89' lang='lat' dir='ltr'>rem&#39;,</span> <span class='ocrx_word' id='word_1_177' title='bbox 744 2359 780 2419; x_wconf 94' lang='lat' dir='ltr'>ut</span> <span class='ocrx_word' id='word_1_178' title='bbox 802 2376 981 2419; x_wconf 89' lang='lat' dir='ltr'>numeros</span> <span class='ocrx_word' id='word_1_179' title='bbox 1005 2355 1173 2437; x_wconf 92' lang='lat' dir='ltr'>memini,</span> <span class='ocrx_word' id='word_1_180' title='bbox 1198 2356 1230 2418; x_wconf 90' lang='lat' dir='ltr'>si</span> <span class='ocrx_word' id='word_1_181' title='bbox 1253 2355 1376 2418; x_wconf 82' lang='lat' dir='ltr'>verba</span> <span class='ocrx_word' id='word_1_182' title='bbox 1399 2361 1448 2418; x_wconf 89' lang='lat' dir='ltr'>te-</span> 
     </span>
     <span class='ocr_line' id='line_1_20' title="bbox 169 2461 1450 2546; baseline -0.002 -19"><span class='ocrx_word' id='word_1_183' title='bbox 169 2484 307 2527; x_wconf 90' lang='lat' dir='ltr'>nerem.</span> <span class='ocrx_word' id='word_1_184' title='bbox 380 2461 535 2528; x_wconf 72' lang='lat' dir='ltr'>‘Eiissne&#39;</span> <span class='ocrx_word' id='word_1_185' title='bbox 561 2463 830 2540; x_wconf 74' lang='lat' dir='ltr'>cntem&#39;Didonis,</span> <span class='ocrx_word' id='word_1_186' title='bbox 852 2484 931 2545; x_wconf 81' lang='lat' dir='ltr'>qnae</span> <span class='ocrx_word' id='word_1_187' title='bbox 953 2464 1108 2546; x_wconf 81' lang='lat' dir='ltr'>appellata</span> <span class='ocrx_word' id='word_1_188' title='bbox 1130 2468 1174 2526; x_wconf 89' lang='lat' dir='ltr'>est</span> <span class='ocrx_word' id='word_1_189' title='bbox 1196 2464 1304 2545; x_wconf 76' lang='lat' dir='ltr'>iinpnn</span> <span class='ocrx_word' id='word_1_190' title='bbox 1327 2463 1450 2526; x_wconf 87' lang='lat' dir='ltr'>Pnnien</span> 
     </span>
     <span class='ocr_line' id='line_1_21' title="bbox 168 2571 1520 2654; baseline -0.006 -20"><span class='ocrx_word' id='word_1_191' title='bbox 168 2571 283 2652; x_wconf 76' lang='lat' dir='ltr'>oirnpo,</span> <span class='ocrx_word' id='word_1_192' title='bbox 307 2591 376 2634; x_wconf 81' lang='grc'><strong>6666</strong></span> <span class='ocrx_word' id='word_1_193' title='bbox 398 2591 429 2634; x_wconf 95' lang='grc'>36</span> <span class='ocrx_word' id='word_1_194' title='bbox 451 2571 486 2634; x_wconf 84' lang='lat' dir='ltr'>in</span> <span class='ocrx_word' id='word_1_195' title='bbox 503 2591 619 2654; x_wconf 73' lang='lat' dir='ltr'>pprnrn</span> <span class='ocrx_word' id='word_1_196' title='bbox 641 2576 746 2653; x_wconf 83' lang='lat' dir='ltr'>sponte</span> <span class='ocrx_word' id='word_1_197' title='bbox 769 2571 907 2648; x_wconf 82' lang='lat' dir='ltr'>misisset,</span> <span class='ocrx_word' id='word_1_198' title='bbox 929 2571 1047 2652; x_wconf 64' lang='lat' dir='ltr'>fingens</span> <span class='ocrx_word' id='word_1_199' title='bbox 1064 2571 1191 2651; x_wconf 81' lang='lat' dir='ltr'>plaeere</span> <span class='ocrx_word' id='word_1_200' title='bbox 1213 2591 1319 2634; x_wconf 84' lang='lat' dir='ltr'>menes</span> <span class='ocrx_word' id='word_1_201' title='bbox 1333 2571 1450 2651; x_wconf 84' lang='lat' dir='ltr'>prioris</span> <span class='ocrx_word' id='word_1_202' title='bbox 1469 2571 1520 2629; x_wconf 78' lang='lat' dir='ltr'>ro&#39;</span> 
     </span>
     <span class='ocr_line' id='line_1_22' title="bbox 168 2678 1006 2755; baseline 0.001 -14"><span class='ocrx_word' id='word_1_203' title='bbox 168 2679 286 2755; x_wconf 83' lang='lat' dir='ltr'>mariti,</span> <span class='ocrx_word' id='word_1_204' title='bbox 310 2698 378 2742; x_wconf 82' lang='lat' dir='ltr'>enni</span> <span class='ocrx_word' id='word_1_205' title='bbox 401 2678 512 2742; x_wconf 88' lang='lat' dir='ltr'>nnbere</span> <span class='ocrx_word' id='word_1_206' title='bbox 534 2699 564 2742; x_wconf 90' lang='grc'>36</span> <span class='ocrx_word' id='word_1_207' title='bbox 586 2680 660 2744; x_wconf 83' lang='lat' dir='ltr'>veile</span> <span class='ocrx_word' id='word_1_208' title='bbox 681 2679 796 2743; x_wconf 84' lang='lat' dir='ltr'>Iarbae</span> <span class='ocrx_word' id='word_1_209' title='bbox 819 2680 1006 2742; x_wconf 79' lang='lat' dir='ltr'>mentiretur.</span> 
     </span>
    </p>

    <p class='ocr_par' dir='ltr' id='par_1_6' title="bbox 168 2785 1502 3405">
     <span class='ocr_line' id='line_1_23' title="bbox 258 2785 1448 2851; baseline 0 -3"><span class='ocrx_word' id='word_1_210' title='bbox 258 2785 331 2849; x_wconf 87' lang='lat'>336.</span> <span class='ocrx_word' id='word_1_211' title='bbox 368 2802 444 2848; x_wconf 84' lang='lat' dir='ltr'>nvn</span> <span class='ocrx_word' id='word_1_212' title='bbox 464 2802 588 2851; x_wconf 76' lang='lat' dir='ltr'>usbon</span> <span class='ocrx_word' id='word_1_213' title='bbox 608 2802 683 2850; x_wconf 73' lang='lat' dir='ltr'>resa</span> <span class='ocrx_word' id='word_1_214' title='bbox 703 2803 766 2848; x_wconf 84' lang='lat' dir='ltr'>nm</span> <span class='ocrx_word' id='word_1_215' title='bbox 785 2811 852 2850; x_wconf 76' lang='lat' dir='ltr'>orn</span> <span class='ocrx_word' id='word_1_216' title='bbox 868 2810 1001 2850; x_wconf 68' lang='lat' dir='ltr'>seramus</span> <span class='ocrx_word' id='word_1_217' title='bbox 1019 2809 1075 2848; x_wconf 79' lang='lat' dir='ltr'>nos</span> <span class='ocrx_word' id='word_1_218' title='bbox 1094 2811 1190 2849; x_wconf 74' lang='lat' dir='ltr'>arem</span> <span class='ocrx_word' id='word_1_219' title='bbox 1206 2785 1448 2849; x_wconf 67' lang='grc'><strong>1663356666-</strong></span> 
     </span>
     <span class='ocr_line' id='line_1_24' title="bbox 168 2891 1449 2975; baseline -0.001 -19"><span class='ocrx_word' id='word_1_220' title='bbox 168 2911 221 2956; x_wconf 83' lang='grc'>363</span> <span class='ocrx_word' id='word_1_221' title='bbox 244 2891 453 2972; x_wconf 80' lang='lat' dir='ltr'>superioribus</span> <span class='ocrx_word' id='word_1_222' title='bbox 475 2892 660 2975; x_wconf 81' lang='lat' dir='ltr'>innpendns,</span> <span class='ocrx_word' id='word_1_223' title='bbox 682 2896 718 2955; x_wconf 87' lang='lat' dir='ltr'>nt</span> <span class='ocrx_word' id='word_1_224' title='bbox 738 2893 780 2956; x_wconf 85' lang='lat' dir='ltr'>stt</span> <span class='ocrx_word' id='word_1_225' title='bbox 801 2908 915 2968; x_wconf 82' lang='lat' dir='ltr'>sensns,</span> <span class='ocrx_word' id='word_1_226' title='bbox 940 2892 1059 2956; x_wconf 83' lang='lat' dir='ltr'>tandin</span> <span class='ocrx_word' id='word_1_227' title='bbox 1082 2891 1231 2972; x_wconf 75' lang='lat' dir='ltr'>beneficiis</span> <span class='ocrx_word' id='word_1_228' title='bbox 1255 2893 1316 2955; x_wconf 83' lang='lat' dir='ltr'>tnis</span> <span class='ocrx_word' id='word_1_229' title='bbox 1338 2891 1449 2974; x_wconf 71' lang='grc'><strong>653966-</strong></span> 
     </span>
     <span class='ocr_line' id='line_1_25' title="bbox 170 2997 1448 3083; baseline -0.001 -21"><span class='ocrx_word' id='word_1_230' title='bbox 170 3003 218 3064; x_wconf 81' lang='lat' dir='ltr'>tns</span> <span class='ocrx_word' id='word_1_231' title='bbox 247 3019 306 3083; x_wconf 86' lang='lat' dir='ltr'>ero,</span> <span class='ocrx_word' id='word_1_232' title='bbox 334 2999 484 3080; x_wconf 82' lang='lat' dir='ltr'>qnerndin</span> <span class='ocrx_word' id='word_1_233' title='bbox 510 3000 621 3063; x_wconf 76' lang='lat' dir='ltr'>vinno.</span> <span class='ocrx_word' id='word_1_234' title='bbox 671 3003 700 3062; x_wconf 89' lang='lat' dir='ltr'>et</span> <span class='ocrx_word' id='word_1_235' title='bbox 725 2999 796 3062; x_wconf 88' lang='lat' dir='ltr'>bene</span> <span class='ocrx_word' id='word_1_236' title='bbox 822 2997 877 3062; x_wconf 78' lang='lat' dir='ltr'>boe</span> <span class='ocrx_word' id='word_1_237' title='bbox 904 2997 942 3061; x_wconf 91' lang='lat' dir='ltr'>de</span> <span class='ocrx_word' id='word_1_238' title='bbox 971 2997 1080 3062; x_wconf 81' lang='lat' dir='ltr'>futuro</span> <span class='ocrx_word' id='word_1_239' title='bbox 1109 2997 1204 3083; x_wconf 82' lang='lat' dir='ltr'>dixit,</span> <span class='ocrx_word' id='word_1_240' title='bbox 1233 3003 1265 3063; x_wconf 91' lang='lat' dir='ltr'>et</span> <span class='ocrx_word' id='word_1_241' title='bbox 1294 3019 1448 3083; x_wconf 89' lang='lat' dir='ltr'>congrue:</span> 
     </span>
     <span class='ocr_line' id='line_1_26' title="bbox 169 3103 1502 3190; baseline -0.004 -22"><span class='ocrx_word' id='word_1_242' title='bbox 169 3128 245 3170; x_wconf 86' lang='lat' dir='ltr'>nam</span> <span class='ocrx_word' id='word_1_243' title='bbox 273 3104 396 3190; x_wconf 73' lang='lat' dir='ltr'>‘piget&#39;</span> <span class='ocrx_word' id='word_1_244' title='bbox 425 3106 465 3169; x_wconf 88' lang='lat' dir='ltr'>ad</span> <span class='ocrx_word' id='word_1_245' title='bbox 493 3104 637 3170; x_wconf 88' lang='lat' dir='ltr'>futurum</span> <span class='ocrx_word' id='word_1_246' title='bbox 666 3108 803 3188; x_wconf 89' lang='lat' dir='ltr'>spectat,</span> <span class='ocrx_word' id='word_1_247' title='bbox 833 3103 962 3188; x_wconf 77' lang='lat' dir='ltr'>‘pudet&#39;</span> <span class='ocrx_word' id='word_1_248' title='bbox 992 3105 1032 3168; x_wconf 91' lang='lat' dir='ltr'>ad</span> <span class='ocrx_word' id='word_1_249' title='bbox 1059 3106 1284 3188; x_wconf 87' lang='lat' dir='ltr'>praeteritum:</span> <span class='ocrx_word' id='word_1_250' title='bbox 1314 3109 1346 3168; x_wconf 88' lang='lat' dir='ltr'>et</span> <span class='ocrx_word' id='word_1_251' title='bbox 1373 3105 1449 3169; x_wconf 86' lang='lat' dir='ltr'>lieet</span> <span class='ocrx_word' id='word_1_252' title='bbox 1469 3119 1502 3164; x_wconf 76' lang='lat'>25</span> 
     </span>
     <span class='ocr_line' id='line_1_27' title="bbox 169 3211 1450 3297; baseline -0.002 -20"><span class='ocrx_word' id='word_1_253' title='bbox 169 3235 272 3295; x_wconf 90' lang='lat' dir='ltr'>paene</span> <span class='ocrx_word' id='word_1_254' title='bbox 296 3214 339 3277; x_wconf 91' lang='lat' dir='ltr'>sit</span> <span class='ocrx_word' id='word_1_255' title='bbox 362 3235 427 3277; x_wconf 89' lang='lat' dir='ltr'>una</span> <span class='ocrx_word' id='word_1_256' title='bbox 456 3212 666 3296; x_wconf 89' lang='lat' dir='ltr'>significatio,</span> <span class='ocrx_word' id='word_1_257' title='bbox 695 3215 806 3275; x_wconf 87' lang='lat' dir='ltr'>tamen</span> <span class='ocrx_word' id='word_1_258' title='bbox 834 3211 970 3276; x_wconf 81' lang='lat' dir='ltr'>dicimus</span> <span class='ocrx_word' id='word_1_259' title='bbox 1000 3212 1107 3297; x_wconf 75' lang='lat' dir='ltr'>‘piget</span> <span class='ocrx_word' id='word_1_260' title='bbox 1136 3234 1186 3275; x_wconf 90' lang='lat' dir='ltr'>me</span> <span class='ocrx_word' id='word_1_261' title='bbox 1214 3212 1294 3276; x_wconf 89' lang='lat' dir='ltr'>illud</span> <span class='ocrx_word' id='word_1_262' title='bbox 1317 3211 1450 3295; x_wconf 88' lang='lat' dir='ltr'>faeere&#39;,</span> 
     </span>
     <span class='ocr_line' id='line_1_28' title="bbox 170 3317 1480 3405; baseline 0 -23"><span class='ocrx_word' id='word_1_263' title='bbox 170 3318 285 3403; x_wconf 77' lang='lat' dir='ltr'>‘pudet</span> <span class='ocrx_word' id='word_1_264' title='bbox 298 3318 442 3383; x_wconf 89' lang='lat' dir='ltr'>fecisse&#39;:</span> <span class='ocrx_word' id='word_1_265' title='bbox 467 3319 550 3383; x_wconf 87' lang='lat' dir='ltr'>unde</span> <span class='ocrx_word' id='word_1_266' title='bbox 566 3319 737 3402; x_wconf 91' lang='lat' dir='ltr'>interdum,</span> <span class='ocrx_word' id='word_1_267' title='bbox 752 3319 924 3403; x_wconf 89' lang='lat' dir='ltr'>praecipue</span> <span class='ocrx_word' id='word_1_268' title='bbox 945 3341 964 3382; x_wconf 90' lang='lat' dir='ltr'>a</span> <span class='ocrx_word' id='word_1_269' title='bbox 985 3317 1151 3402; x_wconf 80' lang='lat' dir='ltr'>Sallustio,</span> <span class='ocrx_word' id='word_1_270' title='bbox 1167 3319 1262 3382; x_wconf 92' lang='lat' dir='ltr'>simul</span> <span class='ocrx_word' id='word_1_271' title='bbox 1277 3325 1449 3403; x_wconf 90' lang='lat' dir='ltr'>ponuntur.</span> <span class='ocrx_word' id='word_1_272' title='bbox 1463 3397 1480 3405; x_wconf 30' lang='grc' dir='ltr'><strong><em>υ</em></strong></span> 
     </span>
    </p>

    <p class='ocr_par' dir='ltr' id='par_1_7' title="bbox 170 3408 1450 3631">
     <span class='ocr_line' id='line_1_29' title="bbox 259 3408 1450 3507; baseline 0 -17"><span class='ocrx_word' id='word_1_273' title='bbox 259 3426 333 3490; x_wconf 80' lang='grc'><strong>337.</strong></span> <span class='ocrx_word' id='word_1_274' title='bbox 371 3443 438 3491; x_wconf 80' lang='lat' dir='ltr'>PRO</span> <span class='ocrx_word' id='word_1_275' title='bbox 462 3445 506 3491; x_wconf 80' lang='lat' dir='ltr'>nn</span> <span class='ocrx_word' id='word_1_276' title='bbox 529 3444 644 3492; x_wconf 76' lang='lat' dir='ltr'>ancn</span> <span class='ocrx_word' id='word_1_277' title='bbox 667 3443 809 3504; x_wconf 76' lang='lat' dir='ltr'><strong>LOQVAR</strong></span> <span class='ocrx_word' id='word_1_278' title='bbox 832 3429 957 3490; x_wconf 90' lang='lat' dir='ltr'>remoto</span> <span class='ocrx_word' id='word_1_279' title='bbox 981 3427 1103 3507; x_wconf 81' lang='lat' dir='ltr'>ingrati</span> <span class='ocrx_word' id='word_1_280' title='bbox 1128 3408 1450 3490; x_wconf 55' lang='lat' dir='ltr'>crimine⁸descendit</span> 
     </span>
     <span class='ocr_line' id='line_1_30' title="bbox 170 3531 1404 3631; baseline 0 -35"><span class='ocrx_word' id='word_1_281' title='bbox 170 3531 211 3596; x_wconf 89' lang='lat' dir='ltr'>ad</span> <span class='ocrx_word' id='word_1_282' title='bbox 235 3554 373 3599; x_wconf 87' lang='lat' dir='ltr'>causam.</span> <span class='ocrx_word' id='word_1_283' title='bbox 419 3538 446 3597; x_wconf 89' lang='lat' dir='ltr'>et</span> <span class='ocrx_word' id='word_1_284' title='bbox 461 3536 600 3616; x_wconf 78' lang='lat' dir='ltr'>proprie,</span> <span class='ocrx_word' id='word_1_285' title='bbox 621 3535 654 3597; x_wconf 84' lang='lat' dir='ltr'>id</span> <span class='ocrx_word' id='word_1_286' title='bbox 675 3539 719 3598; x_wconf 82' lang='lat' dir='ltr'>est</span> <span class='ocrx_word' id='word_1_287' title='bbox 739 3534 768 3598; x_wconf 83' lang='lat' dir='ltr'>si</span> <span class='ocrx_word' id='word_1_288' title='bbox 790 3534 835 3595; x_wconf 88' lang='lat' dir='ltr'>rei</span> <span class='ocrx_word' id='word_1_289' title='bbox 857 3533 1101 3631; x_wconf 79' lang='lat' dir='ltr'>rnupnitndinern</span> <span class='ocrx_word' id='word_1_290' title='bbox 1123 3534 1239 3614; x_wconf 76' lang='lat' dir='ltr'>eopites,</span> <span class='ocrx_word' id='word_1_291' title='bbox 1264 3532 1404 3615; x_wconf 78' lang='lat' dir='ltr'>‘peiren&#39;.</span> 
     </span>
    </p>
   </div>
   <div class='ocr_carea' id='block_1_3' title="bbox 169 3724 1449 4078">
    <p class='ocr_par' dir='ltr' id='par_1_8' title="bbox 169 3724 1449 4078">
     <span class='ocr_line' id='line_1_31' title="bbox 242 3724 1448 3797; baseline 0 -19"><span class='ocrx_word' id='word_1_292' title='bbox 242 3733 274 3779; x_wconf 90' lang='grc'><strong>10</strong></span> <span class='ocrx_word' id='word_1_293' title='bbox 292 3727 467 3795; x_wconf 85' lang='lat' dir='ltr'>praestitisse</span> <span class='ocrx_word' id='word_1_294' title='bbox 486 3744 508 3780; x_wconf 91' lang='lat' dir='ltr'>e.</span> <span class='ocrx_word' id='word_1_295' title='bbox 529 3746 555 3796; x_wconf 92' lang='lat' dir='ltr'>q.</span> <span class='ocrx_word' id='word_1_296' title='bbox 576 3728 609 3797; x_wconf 79' lang='lat' dir='ltr'>a]</span> <span class='ocrx_word' id='word_1_297' title='bbox 636 3725 669 3779; x_wconf 88' lang='lat' dir='ltr'>cf.</span> <span class='ocrx_word' id='word_1_298' title='bbox 689 3726 759 3780; x_wconf 91' lang='lat' dir='ltr'>Don.</span> <span class='ocrx_word' id='word_1_299' title='bbox 780 3725 816 3778; x_wconf 88' lang='lat' dir='ltr'>ad</span> <span class='ocrx_word' id='word_1_300' title='bbox 836 3726 896 3778; x_wconf 87' lang='lat' dir='ltr'>Ter.</span> <span class='ocrx_word' id='word_1_301' title='bbox 917 3725 1027 3793; x_wconf 85' lang='lat' dir='ltr'>adelph.</span> <span class='ocrx_word' id='word_1_302' title='bbox 1048 3725 1074 3778; x_wconf 87' lang='lat' dir='ltr'>ll</span> <span class='ocrx_word' id='word_1_303' title='bbox 1095 3731 1118 3792; x_wconf 92' lang='lat'>1,</span> <span class='ocrx_word' id='word_1_304' title='bbox 1138 3732 1171 3779; x_wconf 78' lang='grc'>47</span> <span class='ocrx_word' id='word_1_305' title='bbox 1199 3726 1208 3794; x_wconf 82' lang='grc' dir='ltr'>Ι]</span> <span class='ocrx_word' id='word_1_306' title='bbox 1237 3731 1268 3777; x_wconf 93' lang='grc'>11</span> <span class='ocrx_word' id='word_1_307' title='bbox 1290 3724 1448 3796; x_wconf 75' lang='lat' dir='ltr'>Terentius]</span> 
     </span>
     <span class='ocr_line' id='line_1_32' title="bbox 172 3795 1449 3867; baseline -0.001 -18"><span class='ocrx_word' id='word_1_308' title='bbox 172 3795 282 3866; x_wconf 86' lang='lat' dir='ltr'>adelph.</span> <span class='ocrx_word' id='word_1_309' title='bbox 302 3797 339 3849; x_wconf 88' lang='lat' dir='ltr'>IV</span> <span class='ocrx_word' id='word_1_310' title='bbox 360 3804 389 3863; x_wconf 89' lang='grc'>5,</span> <span class='ocrx_word' id='word_1_311' title='bbox 409 3805 442 3852; x_wconf 80' lang='grc'>47</span> <span class='ocrx_word' id='word_1_312' title='bbox 469 3798 525 3851; x_wconf 87' lang='lat' dir='ltr'>‘ita</span> <span class='ocrx_word' id='word_1_313' title='bbox 550 3799 633 3851; x_wconf 90' lang='lat' dir='ltr'>velim</span> <span class='ocrx_word' id='word_1_314' title='bbox 657 3815 700 3851; x_wconf 89' lang='lat' dir='ltr'>me</span> <span class='ocrx_word' id='word_1_315' title='bbox 724 3802 929 3867; x_wconf 87' lang='lat' dir='ltr'>promerentem</span> <span class='ocrx_word' id='word_1_316' title='bbox 953 3815 1041 3864; x_wconf 87' lang='lat' dir='ltr'>ames,</span> <span class='ocrx_word' id='word_1_317' title='bbox 1066 3797 1132 3849; x_wconf 91' lang='lat' dir='ltr'>dum</span> <span class='ocrx_word' id='word_1_318' title='bbox 1151 3796 1243 3860; x_wconf 88' lang='lat' dir='ltr'>vivas,</span> <span class='ocrx_word' id='word_1_319' title='bbox 1267 3796 1306 3849; x_wconf 91' lang='lat' dir='ltr'>mi</span> <span class='ocrx_word' id='word_1_320' title='bbox 1325 3799 1420 3866; x_wconf 88' lang='lat' dir='ltr'>pater’</span> <span class='ocrx_word' id='word_1_321' title='bbox 1441 3834 1449 3865; x_wconf 72' lang='lat'><em>„</em></span> 
     </span>
     <span class='ocr_line' id='line_1_33' title="bbox 172 3867 1447 3939; baseline 0 -19"><span class='ocrx_word' id='word_1_322' title='bbox 172 3874 205 3920; x_wconf 94' lang='grc'><strong>14</strong></span> <span class='ocrx_word' id='word_1_323' title='bbox 225 3868 384 3939; x_wconf 81' lang='lat' dir='ltr'>Terentius]</span> <span class='ocrx_word' id='word_1_324' title='bbox 405 3867 489 3923; x_wconf 82' lang='lat' dir='ltr'>Andr.</span> <span class='ocrx_word' id='word_1_325' title='bbox 510 3872 521 3923; x_wconf 93' lang='grc' dir='ltr'>Ι</span> <span class='ocrx_word' id='word_1_326' title='bbox 542 3877 565 3936; x_wconf 87' lang='grc'><strong>1,</strong></span> <span class='ocrx_word' id='word_1_327' title='bbox 583 3871 703 3938; x_wconf 78' lang='lat'>112]18</span> <span class='ocrx_word' id='word_1_328' title='bbox 723 3869 865 3939; x_wconf 90' lang='lat' dir='ltr'>numeros]</span> <span class='ocrx_word' id='word_1_329' title='bbox 886 3871 946 3923; x_wconf 89' lang='lat' dir='ltr'>buc.</span> <span class='ocrx_word' id='word_1_330' title='bbox 968 3869 1004 3921; x_wconf 88' lang='lat' dir='ltr'>IX</span> <span class='ocrx_word' id='word_1_331' title='bbox 1020 3873 1053 3920; x_wconf 86' lang='grc'>45</span> <span class='ocrx_word' id='word_1_332' title='bbox 1068 3869 1077 3934; x_wconf 92' lang='lat'>]</span> <span class='ocrx_word' id='word_1_333' title='bbox 1092 3874 1124 3920; x_wconf 90' lang='grc'>25</span> <span class='ocrx_word' id='word_1_334' title='bbox 1144 3886 1209 3921; x_wconf 91' lang='lat' dir='ltr'>nam</span> <span class='ocrx_word' id='word_1_335' title='bbox 1229 3868 1307 3937; x_wconf 88' lang='lat' dir='ltr'>piget</span> <span class='ocrx_word' id='word_1_336' title='bbox 1325 3885 1348 3924; x_wconf 92' lang='lat' dir='ltr'>e.</span> <span class='ocrx_word' id='word_1_337' title='bbox 1369 3887 1394 3936; x_wconf 93' lang='lat' dir='ltr'>q.</span> <span class='ocrx_word' id='word_1_338' title='bbox 1415 3870 1447 3937; x_wconf 87' lang='lat' dir='ltr'>s]</span> 
     </span>
     <span class='ocr_line' id='line_1_34' title="bbox 169 3938 1448 4063; baseline 0.001 -72"><span class='ocrx_word' id='word_1_339' title='bbox 169 3938 203 3992; x_wconf 87' lang='lat' dir='ltr'>cf.</span> <span class='ocrx_word' id='word_1_340' title='bbox 222 3939 349 4063; x_wconf 76' lang='lat' dir='ltr'>DonKad</span> <span class='ocrx_word' id='word_1_341' title='bbox 369 3941 430 3994; x_wconf 83' lang='lat' dir='ltr'>Ter.</span> <span class='ocrx_word' id='word_1_342' title='bbox 451 3941 564 4011; x_wconf 90' lang='lat' dir='ltr'>adelph.</span> <span class='ocrx_word' id='word_1_343' title='bbox 584 3941 671 4008; x_wconf 79' lang='lat'>1113,</span> <span class='ocrx_word' id='word_1_344' title='bbox 691 3946 724 3994; x_wconf 85' lang='grc'>38</span> <span class='ocrx_word' id='word_1_345' title='bbox 748 3942 757 4010; x_wconf 87' lang='grc' dir='ltr'>ΙΙ</span> <span class='ocrx_word' id='word_1_346' title='bbox 785 3945 817 3994; x_wconf 84' lang='grc'>27</span> <span class='ocrx_word' id='word_1_347' title='bbox 839 3958 856 3993; x_wconf 87' lang='lat' dir='ltr'>a</span> <span class='ocrx_word' id='word_1_348' title='bbox 875 3938 1020 4009; x_wconf 86' lang='lat' dir='ltr'>Sallustio]</span> <span class='ocrx_word' id='word_1_349' title='bbox 1041 3942 1098 4009; x_wconf 89' lang='lat' dir='ltr'>lug.</span> <span class='ocrx_word' id='word_1_350' title='bbox 1119 3945 1162 4008; x_wconf 79' lang='lat'>95,</span> <span class='ocrx_word' id='word_1_351' title='bbox 1182 3947 1206 3994; x_wconf 90' lang='grc'>4.</span> <span class='ocrx_word' id='word_1_352' title='bbox 1232 3941 1297 3994; x_wconf 90' lang='lat' dir='ltr'>hist.</span> <span class='ocrx_word' id='word_1_353' title='bbox 1317 3940 1416 4009; x_wconf 86' lang='lat' dir='ltr'>fragm.</span> <span class='ocrx_word' id='word_1_354' title='bbox 1437 3942 1448 3992; x_wconf 90' lang='lat' dir='ltr'>l</span> 
     </span>
     <span class='ocr_line' id='line_1_35' title="bbox 171 4016 333 4078; baseline 0.006 -15"><span class='ocrx_word' id='word_1_355' title='bbox 171 4016 213 4078; x_wconf 85' lang='grc'><strong>51,</strong></span> <span class='ocrx_word' id='word_1_356' title='bbox 234 4016 268 4063; x_wconf 90' lang='grc'><strong>14</strong></span> <span class='ocrx_word' id='word_1_357' title='bbox 313 4030 333 4064; x_wconf 86' lang='lat' dir='ltr'>r.</span> 
     </span>
    </p>
   </div>
   <div class='ocr_carea' id='block_1_4' title="bbox 169 4189 1450 4904">
    <p class='ocr_par' dir='ltr' id='par_1_9' title="bbox 169 4189 1450 4904">
     <span class='ocr_line' id='line_1_36' title="bbox 242 4189 1450 4260; baseline 0 -18"><span class='ocrx_word' id='word_1_358' title='bbox 242 4197 254 4242; x_wconf 95' lang='lat'>1</span> <span class='ocrx_word' id='word_1_359' title='bbox 271 4189 384 4243; x_wconf 86' lang='lat' dir='ltr'>monitis</span> <span class='ocrx_word' id='word_1_360' title='bbox 399 4189 492 4259; x_wconf 87' lang='lat' dir='ltr'>pueris</span> <span class='ocrx_word' id='word_1_361' title='bbox 507 4190 532 4242; x_wconf 89' lang='lat' dir='ltr'><em>L</em></span> <span class='ocrx_word' id='word_1_362' title='bbox 546 4191 555 4257; x_wconf 87' lang='grc' dir='ltr'>ΙΙ</span> <span class='ocrx_word' id='word_1_363' title='bbox 576 4197 591 4242; x_wconf 89' lang='lat'>3</span> <span class='ocrx_word' id='word_1_364' title='bbox 607 4207 735 4258; x_wconf 90' lang='lat' dir='ltr'>corpores</span> <span class='ocrx_word' id='word_1_365' title='bbox 750 4189 781 4242; x_wconf 92' lang='lat' dir='ltr'><em>F</em></span> <span class='ocrx_word' id='word_1_366' title='bbox 791 4193 801 4259; x_wconf 87' lang='grc' dir='ltr'>ΙΙ</span> <span class='ocrx_word' id='word_1_367' title='bbox 815 4190 969 4244; x_wconf 87' lang='lat' dir='ltr'>stabilitate</span> <span class='ocrx_word' id='word_1_368' title='bbox 988 4189 1050 4260; x_wconf 89' lang='lat' dir='ltr'>aut]</span> <span class='ocrx_word' id='word_1_369' title='bbox 1072 4189 1227 4243; x_wconf 84' lang='lat' dir='ltr'>stabilitate</span> <span class='ocrx_word' id='word_1_370' title='bbox 1245 4207 1278 4242; x_wconf 82' lang='lat' dir='ltr'>en</span> <span class='ocrx_word' id='word_1_371' title='bbox 1293 4191 1357 4242; x_wconf 75' lang='lat' dir='ltr'>neeis</span> <span class='ocrx_word' id='word_1_372' title='bbox 1372 4191 1450 4242; x_wconf 85' lang='lat' dir='ltr'>libris</span> 
     </span>
     <span class='ocr_line' id='line_1_37' title="bbox 169 4260 1449 4330; baseline -0.001 -16"><span class='ocrx_word' id='word_1_373' title='bbox 169 4277 242 4314; x_wconf 80' lang='lat' dir='ltr'>nnus</span> <span class='ocrx_word' id='word_1_374' title='bbox 259 4262 293 4314; x_wconf 90' lang='lat' dir='ltr'><em>N</em></span> <span class='ocrx_word' id='word_1_375' title='bbox 308 4278 382 4330; x_wconf 82' lang='lat' dir='ltr'>supr.</span> <span class='ocrx_word' id='word_1_376' title='bbox 402 4277 469 4315; x_wconf 81' lang='lat' dir='ltr'>vers.</span> <span class='ocrx_word' id='word_1_377' title='bbox 489 4263 605 4328; x_wconf 69' lang='lat' dir='ltr'>calcitret,</span> <span class='ocrx_word' id='word_1_378' title='bbox 625 4265 674 4314; x_wconf 91' lang='lat' dir='ltr'>aut</span> <span class='ocrx_word' id='word_1_379' title='bbox 692 4279 741 4315; x_wconf 87' lang='lat' dir='ltr'>orn.</span> <span class='ocrx_word' id='word_1_380' title='bbox 753 4262 863 4315; x_wconf 87' lang='lat' dir='ltr'>FLM.</span> <span class='ocrx_word' id='word_1_381' title='bbox 891 4261 1034 4315; x_wconf 77' lang='lat' dir='ltr'>ediderunt</span> <span class='ocrx_word' id='word_1_382' title='bbox 1053 4260 1208 4314; x_wconf 89' lang='lat' dir='ltr'>stabilitate</span> <span class='ocrx_word' id='word_1_383' title='bbox 1228 4265 1276 4314; x_wconf 87' lang='lat' dir='ltr'>aut</span> <span class='ocrx_word' id='word_1_384' title='bbox 1294 4262 1449 4327; x_wconf 73' lang='lat' dir='ltr'>Stephanus</span> 
     </span>
     <span class='ocr_line' id='line_1_38' title="bbox 170 4332 1447 4402; baseline -0.002 -17"><span class='ocrx_word' id='word_1_385' title='bbox 170 4336 194 4385; x_wconf 90' lang='lat' dir='ltr'>et</span> <span class='ocrx_word' id='word_1_386' title='bbox 213 4333 325 4398; x_wconf 86' lang='lat' dir='ltr'>Daniel,</span> <span class='ocrx_word' id='word_1_387' title='bbox 345 4334 435 4386; x_wconf 82' lang='lat' dir='ltr'>omisit</span> <span class='ocrx_word' id='word_1_388' title='bbox 455 4332 605 4386; x_wconf 83' lang='lat' dir='ltr'>Febricins</span> <span class='ocrx_word' id='word_1_389' title='bbox 618 4335 628 4402; x_wconf 86' lang='grc' dir='ltr'>ΙΙ</span> <span class='ocrx_word' id='word_1_390' title='bbox 643 4332 828 4401; x_wconf 81' lang='lat' dir='ltr'>mobilitatem</span> <span class='ocrx_word' id='word_1_391' title='bbox 845 4334 877 4385; x_wconf 74' lang='lat' dir='ltr'>n&#39;</span> <span class='ocrx_word' id='word_1_392' title='bbox 888 4335 898 4400; x_wconf 86' lang='grc' dir='ltr'>ΙΙ</span> <span class='ocrx_word' id='word_1_393' title='bbox 911 4333 1069 4402; x_wconf 86' lang='lat' dir='ltr'>noscamus]</span> <span class='ocrx_word' id='word_1_394' title='bbox 1091 4332 1269 4386; x_wconf 84' lang='lat' dir='ltr'>ostendamus</span> <span class='ocrx_word' id='word_1_395' title='bbox 1290 4333 1326 4383; x_wconf 87' lang='lat' dir='ltr'><em>M</em></span> <span class='ocrx_word' id='word_1_396' title='bbox 1338 4334 1348 4400; x_wconf 91' lang='lat'>]]</span> <span class='ocrx_word' id='word_1_397' title='bbox 1367 4338 1383 4383; x_wconf 92' lang='grc'><strong>4</strong></span> <span class='ocrx_word' id='word_1_398' title='bbox 1402 4332 1447 4384; x_wconf 86' lang='lat' dir='ltr'>de-</span> 
     </span>
     <span class='ocr_line' id='line_1_39' title="bbox 170 4402 1448 4473; baseline -0.002 -17"><span class='ocrx_word' id='word_1_399' title='bbox 170 4403 279 4457; x_wconf 87' lang='lat' dir='ltr'>uiatum</span> <span class='ocrx_word' id='word_1_400' title='bbox 298 4404 327 4456; x_wconf 85' lang='lat' dir='ltr'><em>F</em></span> <span class='ocrx_word' id='word_1_401' title='bbox 339 4405 348 4473; x_wconf 75' lang='grc' dir='ltr'>ΙΙ</span> <span class='ocrx_word' id='word_1_402' title='bbox 362 4411 377 4457; x_wconf 84' lang='grc'><strong>5</strong></span> <span class='ocrx_word' id='word_1_403' title='bbox 398 4406 434 4457; x_wconf 85' lang='lat' dir='ltr'>nd</span> <span class='ocrx_word' id='word_1_404' title='bbox 454 4421 549 4458; x_wconf 87' lang='lat' dir='ltr'>euram</span> <span class='ocrx_word' id='word_1_405' title='bbox 567 4420 642 4472; x_wconf 82' lang='lat' dir='ltr'>supr.</span> <span class='ocrx_word' id='word_1_406' title='bbox 663 4421 729 4458; x_wconf 83' lang='lat' dir='ltr'>vers.</span> <span class='ocrx_word' id='word_1_407' title='bbox 748 4405 794 4458; x_wconf 91' lang='lat' dir='ltr'>uel</span> <span class='ocrx_word' id='word_1_408' title='bbox 810 4421 991 4458; x_wconf 87' lang='lat' dir='ltr'>...amorem</span> <span class='ocrx_word' id='word_1_409' title='bbox 1013 4402 1038 4454; x_wconf 88' lang='lat' dir='ltr'>T</span> <span class='ocrx_word' id='word_1_410' title='bbox 1047 4405 1057 4472; x_wconf 91' lang='lat'>]]</span> <span class='ocrx_word' id='word_1_411' title='bbox 1071 4403 1161 4472; x_wconf 85' lang='lat' dir='ltr'>accipi</span> <span class='ocrx_word' id='word_1_412' title='bbox 1181 4402 1211 4456; x_wconf 98' lang='lat' dir='ltr'><em>F</em></span> <span class='ocrx_word' id='word_1_413' title='bbox 1222 4405 1231 4472; x_wconf 83' lang='grc' dir='ltr'>ΙΙ</span> <span class='ocrx_word' id='word_1_414' title='bbox 1246 4410 1259 4456; x_wconf 79' lang='grc'>7</span> <span class='ocrx_word' id='word_1_415' title='bbox 1281 4402 1366 4455; x_wconf 89' lang='lat' dir='ltr'>etiam</span> <span class='ocrx_word' id='word_1_416' title='bbox 1385 4422 1448 4472; x_wconf 87' lang='lat' dir='ltr'>pur-</span> 
     </span>
     <span class='ocr_line' id='line_1_40' title="bbox 170 4474 1449 4546; baseline -0.002 -18"><span class='ocrx_word' id='word_1_417' title='bbox 170 4477 221 4544; x_wconf 81' lang='lat' dir='ltr'>gat</span> <span class='ocrx_word' id='word_1_418' title='bbox 236 4476 271 4528; x_wconf 88' lang='lat' dir='ltr'><em>M</em></span> <span class='ocrx_word' id='word_1_419' title='bbox 284 4477 294 4544; x_wconf 81' lang='lat' dir='ltr'>l]</span> <span class='ocrx_word' id='word_1_420' title='bbox 310 4483 342 4528; x_wconf 88' lang='lat'>10</span> <span class='ocrx_word' id='word_1_421' title='bbox 358 4475 488 4546; x_wconf 84' lang='lat' dir='ltr'>gessisse]</span> <span class='ocrx_word' id='word_1_422' title='bbox 509 4493 538 4529; x_wconf 90' lang='lat' dir='ltr'>se</span> <span class='ocrx_word' id='word_1_423' title='bbox 553 4476 670 4544; x_wconf 86' lang='lat' dir='ltr'>gessisse</span> <span class='ocrx_word' id='word_1_424' title='bbox 686 4478 840 4543; x_wconf 62' lang='lat' dir='ltr'>stephanus·</span> <span class='ocrx_word' id='word_1_425' title='bbox 868 4475 958 4543; x_wconf 85' lang='lat' dir='ltr'>egisse</span> <span class='ocrx_word' id='word_1_426' title='bbox 973 4475 1047 4528; x_wconf 85' lang='lat' dir='ltr'>Lien</span> <span class='ocrx_word' id='word_1_427' title='bbox 1061 4475 1070 4543; x_wconf 85' lang='grc' dir='ltr'>ΙΙ</span> <span class='ocrx_word' id='word_1_428' title='bbox 1085 4481 1116 4527; x_wconf 92' lang='grc'>11</span> <span class='ocrx_word' id='word_1_429' title='bbox 1132 4474 1185 4544; x_wconf 90' lang='lat' dir='ltr'>ita]</span> <span class='ocrx_word' id='word_1_430' title='bbox 1206 4479 1237 4528; x_wconf 87' lang='lat' dir='ltr'>ta</span> <span class='ocrx_word' id='word_1_431' title='bbox 1252 4475 1284 4526; x_wconf 85' lang='lat' dir='ltr'><em>H</em></span> <span class='ocrx_word' id='word_1_432' title='bbox 1294 4477 1303 4542; x_wconf 90' lang='grc' dir='ltr'>ΙΙ</span> <span class='ocrx_word' id='word_1_433' title='bbox 1320 4481 1351 4527; x_wconf 88' lang='grc'>12</span> <span class='ocrx_word' id='word_1_434' title='bbox 1370 4478 1449 4542; x_wconf 88' lang='lat' dir='ltr'>pater</span> 
     </span>
     <span class='ocr_line' id='line_1_41' title="bbox 171 4544 1450 4616; baseline 0.001 -19"><span class='ocrx_word' id='word_1_435' title='bbox 171 4544 230 4598; x_wconf 84' lang='lat' dir='ltr'>FL</span> <span class='ocrx_word' id='word_1_436' title='bbox 249 4548 305 4614; x_wconf 86' lang='lat' dir='ltr'>(sed</span> <span class='ocrx_word' id='word_1_437' title='bbox 323 4551 384 4600; x_wconf 89' lang='lat' dir='ltr'>ater</span> <span class='ocrx_word' id='word_1_438' title='bbox 404 4549 433 4600; x_wconf 93' lang='lat' dir='ltr'>in</span> <span class='ocrx_word' id='word_1_439' title='bbox 451 4564 506 4600; x_wconf 87' lang='lat' dir='ltr'>ros.</span> <span class='ocrx_word' id='word_1_440' title='bbox 522 4549 555 4614; x_wconf 85' lang='lat' dir='ltr'>l).·</span> <span class='ocrx_word' id='word_1_441' title='bbox 574 4551 653 4615; x_wconf 90' lang='lat' dir='ltr'>parte</span> <span class='ocrx_word' id='word_1_442' title='bbox 668 4547 775 4599; x_wconf 78' lang='lat' dir='ltr'>n&#39;flM</span> <span class='ocrx_word' id='word_1_443' title='bbox 789 4548 798 4616; x_wconf 90' lang='lat'>]]</span> <span class='ocrx_word' id='word_1_444' title='bbox 813 4554 845 4600; x_wconf 88' lang='lat'>13</span> <span class='ocrx_word' id='word_1_445' title='bbox 865 4547 1043 4600; x_wconf 85' lang='lat' dir='ltr'>commeritus</span> <span class='ocrx_word' id='word_1_446' title='bbox 1063 4546 1094 4598; x_wconf 85' lang='lat' dir='ltr'><em>F</em></span> <span class='ocrx_word' id='word_1_447' title='bbox 1104 4549 1113 4614; x_wconf 84' lang='grc' dir='ltr'>ΙΙ</span> <span class='ocrx_word' id='word_1_448' title='bbox 1130 4552 1162 4598; x_wconf 87' lang='grc'><strong>14</strong></span> <span class='ocrx_word' id='word_1_449' title='bbox 1181 4549 1230 4599; x_wconf 89' lang='lat' dir='ltr'>aut</span> <span class='ocrx_word' id='word_1_450' title='bbox 1247 4546 1315 4612; x_wconf 85' lang='lat' dir='ltr'>qnid</span> <span class='ocrx_word' id='word_1_451' title='bbox 1335 4546 1450 4613; x_wconf 87' lang='lat' dir='ltr'>peccaui</span> 
     </span>
     <span class='ocr_line' id='line_1_42' title="bbox 169 4616 1448 4687; baseline 0 -18"><span class='ocrx_word' id='word_1_452' title='bbox 169 4617 202 4670; x_wconf 91' lang='lat' dir='ltr'><em>N</em></span> <span class='ocrx_word' id='word_1_453' title='bbox 204 4618 268 4670; x_wconf 84' lang='lat' dir='ltr'>LH</span> <span class='ocrx_word' id='word_1_454' title='bbox 279 4620 288 4686; x_wconf 91' lang='lat'>]]</span> <span class='ocrx_word' id='word_1_455' title='bbox 305 4625 337 4671; x_wconf 85' lang='grc'><strong>15</strong></span> <span class='ocrx_word' id='word_1_456' title='bbox 356 4621 405 4671; x_wconf 83' lang='grc'>366</span> <span class='ocrx_word' id='word_1_457' title='bbox 424 4617 561 4671; x_wconf 87' lang='lat' dir='ltr'>beneficia</span> <span class='ocrx_word' id='word_1_458' title='bbox 581 4618 760 4672; x_wconf 72' lang='lat' dir='ltr'>Conamelinns</span> <span class='ocrx_word' id='word_1_459' title='bbox 774 4620 1123 4687; x_wconf 79' lang='lat' dir='ltr'>prinrns]]18retenerem</span> <span class='ocrx_word' id='word_1_460' title='bbox 1139 4616 1169 4668; x_wconf 92' lang='lat' dir='ltr'><em>F</em></span> <span class='ocrx_word' id='word_1_461' title='bbox 1180 4619 1189 4685; x_wconf 79' lang='grc' dir='ltr'>ΙΙ</span> <span class='ocrx_word' id='word_1_462' title='bbox 1205 4623 1236 4669; x_wconf 86' lang='grc'><strong>19</strong></span> <span class='ocrx_word' id='word_1_463' title='bbox 1256 4616 1355 4670; x_wconf 77' lang='lat' dir='ltr'>elissae</span> <span class='ocrx_word' id='word_1_464' title='bbox 1372 4617 1448 4670; x_wconf 89' lang='lat' dir='ltr'>dido·</span> 
     </span>
     <span class='ocr_line' id='line_1_43' title="bbox 169 4688 1448 4759; baseline -0.002 -18"><span class='ocrx_word' id='word_1_465' title='bbox 169 4688 212 4741; x_wconf 90' lang='lat' dir='ltr'>nis</span> <span class='ocrx_word' id='word_1_466' title='bbox 233 4731 237 4742; x_wconf 94' lang='lat'>.</span> <span class='ocrx_word' id='word_1_467' title='bbox 255 4730 283 4744; x_wconf 93' lang='lat'>..</span> <span class='ocrx_word' id='word_1_468' title='bbox 303 4689 468 4743; x_wconf 86' lang='lat' dir='ltr'>mentiretur</span> <span class='ocrx_word' id='word_1_469' title='bbox 486 4691 517 4742; x_wconf 81' lang='lat' dir='ltr'>in</span> <span class='ocrx_word' id='word_1_470' title='bbox 534 4706 619 4757; x_wconf 76' lang='lat' dir='ltr'>rnnrp.</span> <span class='ocrx_word' id='word_1_471' title='bbox 643 4689 667 4740; x_wconf 89' lang='lat' dir='ltr'>T</span> <span class='ocrx_word' id='word_1_472' title='bbox 677 4691 686 4759; x_wconf 90' lang='lat'>]]</span> <span class='ocrx_word' id='word_1_473' title='bbox 701 4690 808 4758; x_wconf 84' lang='lat' dir='ltr'>elyssae</span> <span class='ocrx_word' id='word_1_474' title='bbox 829 4689 859 4741; x_wconf 88' lang='lat' dir='ltr'><strong><em>F</em></strong></span> <span class='ocrx_word' id='word_1_475' title='bbox 870 4692 879 4758; x_wconf 85' lang='grc' dir='ltr'>ΙΙ</span> <span class='ocrx_word' id='word_1_476' title='bbox 893 4696 927 4743; x_wconf 86' lang='grc'>20</span> <span class='ocrx_word' id='word_1_477' title='bbox 946 4690 1035 4757; x_wconf 89' lang='lat' dir='ltr'>piram</span> <span class='ocrx_word' id='word_1_478' title='bbox 1057 4688 1137 4757; x_wconf 83' lang='lat' dir='ltr'>FT]</span> <span class='ocrx_word' id='word_1_479' title='bbox 1151 4694 1183 4739; x_wconf 92' lang='grc'>21</span> <span class='ocrx_word' id='word_1_480' title='bbox 1205 4705 1233 4740; x_wconf 85' lang='grc'>36</span> <span class='ocrx_word' id='word_1_481' title='bbox 1253 4689 1356 4741; x_wconf 86' lang='lat' dir='ltr'>nubere</span> <span class='ocrx_word' id='word_1_482' title='bbox 1376 4688 1448 4740; x_wconf 88' lang='lat' dir='ltr'>uelle</span> 
     </span>
     <span class='ocr_line' id='line_1_44' title="bbox 174 4759 1448 4830; baseline -0.002 -18"><span class='ocrx_word' id='word_1_483' title='bbox 174 4760 218 4829; x_wconf 89' lang='lat' dir='ltr'>T]</span> <span class='ocrx_word' id='word_1_484' title='bbox 231 4766 265 4814; x_wconf 85' lang='grc'>22</span> <span class='ocrx_word' id='word_1_485' title='bbox 279 4778 356 4830; x_wconf 63' lang='lat' dir='ltr'>snpra</span> <span class='ocrx_word' id='word_1_486' title='bbox 371 4777 436 4813; x_wconf 85' lang='lat' dir='ltr'>rers.</span> <span class='ocrx_word' id='word_1_487' title='bbox 452 4768 503 4815; x_wconf 83' lang='grc'>335</span> <span class='ocrx_word' id='word_1_488' title='bbox 523 4760 569 4814; x_wconf 90' lang='lat' dir='ltr'>hic</span> <span class='ocrx_word' id='word_1_489' title='bbox 588 4778 684 4814; x_wconf 86' lang='lat' dir='ltr'>uersus</span> <span class='ocrx_word' id='word_1_490' title='bbox 700 4761 851 4816; x_wconf 87' lang='lat' dir='ltr'>...uixero</span> <span class='ocrx_word' id='word_1_491' title='bbox 870 4761 914 4828; x_wconf 88' lang='lat' dir='ltr'>T]</span> <span class='ocrx_word' id='word_1_492' title='bbox 928 4767 961 4813; x_wconf 89' lang='grc'>25</span> <span class='ocrx_word' id='word_1_493' title='bbox 980 4761 1057 4830; x_wconf 89' lang='lat' dir='ltr'>narn]</span> <span class='ocrx_word' id='word_1_494' title='bbox 1078 4777 1132 4812; x_wconf 88' lang='lat' dir='ltr'>non</span> <span class='ocrx_word' id='word_1_495' title='bbox 1150 4759 1214 4810; x_wconf 80' lang='grc' dir='ltr'>ΝΗ</span> <span class='ocrx_word' id='word_1_496' title='bbox 1228 4761 1237 4827; x_wconf 89' lang='lat'>]]</span> <span class='ocrx_word' id='word_1_497' title='bbox 1251 4760 1374 4812; x_wconf 78' lang='lat' dir='ltr'>futuram</span> <span class='ocrx_word' id='word_1_498' title='bbox 1392 4760 1424 4810; x_wconf 79' lang='lat' dir='ltr'><em>M</em></span> <span class='ocrx_word' id='word_1_499' title='bbox 1446 4820 1448 4827; x_wconf 33' lang='grc' dir='ltr'>Ι</span> 
     </span>
     <span class='ocr_line' id='line_1_45' title="bbox 172 4831 1447 4904; baseline 0 -20"><span class='ocrx_word' id='word_1_500' title='bbox 172 4837 204 4885; x_wconf 79' lang='grc'>27</span> <span class='ocrx_word' id='word_1_501' title='bbox 224 4833 322 4902; x_wconf 88' lang='lat' dir='ltr'>pudet]</span> <span class='ocrx_word' id='word_1_502' title='bbox 343 4836 372 4886; x_wconf 86' lang='lat' dir='ltr'>et</span> <span class='ocrx_word' id='word_1_503' title='bbox 390 4832 445 4902; x_wconf 85' lang='lat' dir='ltr'>F]</span> <span class='ocrx_word' id='word_1_504' title='bbox 467 4832 580 4901; x_wconf 90' lang='lat' dir='ltr'>ponitur</span> <span class='ocrx_word' id='word_1_505' title='bbox 600 4831 630 4885; x_wconf 97' lang='lat' dir='ltr'><em>F</em></span> <span class='ocrx_word' id='word_1_506' title='bbox 650 4834 659 4902; x_wconf 90' lang='lat'>]]</span> <span class='ocrx_word' id='word_1_507' title='bbox 683 4839 716 4886; x_wconf 84' lang='grc'>29</span> <span class='ocrx_word' id='word_1_508' title='bbox 736 4835 861 4904; x_wconf 85' lang='lat' dir='ltr'>eausam]</span> <span class='ocrx_word' id='word_1_509' title='bbox 886 4849 1017 4886; x_wconf 87' lang='lat' dir='ltr'>occusam</span> <span class='ocrx_word' id='word_1_510' title='bbox 1035 4832 1067 4883; x_wconf 84' lang='lat' dir='ltr'>ll</span> <span class='ocrx_word' id='word_1_511' title='bbox 1085 4832 1095 4900; x_wconf 88' lang='lat'>]</span> <span class='ocrx_word' id='word_1_512' title='bbox 1115 4832 1152 4884; x_wconf 85' lang='lat' dir='ltr'>nd</span> <span class='ocrx_word' id='word_1_513' title='bbox 1171 4848 1221 4899; x_wconf 87' lang='lat' dir='ltr'>pro</span> <span class='ocrx_word' id='word_1_514' title='bbox 1240 4848 1269 4884; x_wconf 93' lang='lat' dir='ltr'>re</span> <span class='ocrx_word' id='word_1_515' title='bbox 1287 4848 1362 4898; x_wconf 81' lang='lat' dir='ltr'>supr.</span> <span class='ocrx_word' id='word_1_516' title='bbox 1382 4847 1447 4884; x_wconf 80' lang='lat' dir='ltr'>vere.</span> 
     </span>
    </p>
   </div>
   <div class='ocr_carea' id='block_1_5' title="bbox 224 4925 1235 4974">
    <p class='ocr_par' dir='ltr' id='par_1_10' title="bbox 224 4925 1235 4974">
     <span class='ocr_line' id='line_1_46' title="bbox 224 4925 1235 4974; baseline 0.002 -4"><span class='ocrx_word' id='word_1_517' title='bbox 224 4932 296 4971; x_wconf 79' lang='lat' dir='ltr'>servu</span> <span class='ocrx_word' id='word_1_518' title='bbox 311 4943 390 4974; x_wconf 78' lang='lat' dir='ltr'>comm.</span> <span class='ocrx_word' id='word_1_519' title='bbox 408 4933 457 4973; x_wconf 72' lang='lat' dir='ltr'>vor.</span> <span class='ocrx_word' id='word_1_520' title='bbox 472 4933 489 4972; x_wconf 86' lang='lat'>1.</span> <span class='ocrx_word' id='word_1_521' title='bbox 504 4933 569 4971; x_wconf 69' lang='lat' dir='ltr'>nasu</span> <span class='ocrx_word' id='word_1_522' title='bbox 584 4934 615 4972; x_wconf 87' lang='lat'>11.</span> <span class='ocrx_word' id='word_1_523' title='bbox 950 4941 952 4947; x_wconf 95' lang='lat'>·</span> <span class='ocrx_word' id='word_1_524' title='bbox 1201 4925 1235 4972; x_wconf 87' lang='grc'><strong>34</strong></span> 
     </span>
    </p>
   </div>
   <div class='ocr_carea' id='block_1_6' title="bbox 0 0 1704 5422">
    <p class='ocr_par' dir='ltr' id='par_1_11' title="bbox 0 0 1704 5422">
     <span class='ocr_line' id='line_1_47' title="bbox 0 0 1704 5422; baseline 0 0"><span class='ocrx_word' id='word_1_525' title='bbox 0 0 1704 5422; x_wconf 95' lang='lat' dir='ltr'> </span> 
     </span>
    </p>
   </div>
  </div>
 </body>
</html>
