<?xml version="1.0" encoding="UTF-8"?>
<!DOCTYPE html PUBLIC "-//W3C//DTD XHTML 1.0 Transitional//EN"
    "http://www.w3.org/TR/xhtml1/DTD/xhtml1-transitional.dtd">
<html xmlns="http://www.w3.org/1999/xhtml" xml:lang="en" lang="en">
 <head>
  <title>
</title>
<meta http-equiv="Content-Type" content="text/html;charset=utf-8" />
  <meta name='ocr-system' content='tesseract 3.04.00' />
  <meta name='ocr-capabilities' content='ocr_page ocr_carea ocr_par ocr_line ocrx_word'/>
</head>
<body>
  <div class='ocr_page' id='page_1' title='image "./serviigrammatic00thilgoog_0171.png"; bbox 0 0 3396 5422; ppageno 0'>
   <div class='ocr_carea' id='block_1_1' title="bbox 269 349 967 414">
    <p class='ocr_par' dir='ltr' id='par_1_1' title="bbox 269 349 967 414">
     <span class='ocr_line' id='line_1_1' title="bbox 269 349 967 414; baseline -0.013 0"><span class='ocrx_word' id='word_1_1' title='bbox 269 350 334 414; x_wconf 80' lang='grc'><strong>524</strong></span> <span class='ocrx_word' id='word_1_2' title='bbox 846 349 967 405; x_wconf 85' lang='lat' dir='ltr'><strong>SERVII</strong></span> 
     </span>
    </p>
   </div>
   <div class='ocr_carea' id='block_1_2' title="bbox 156 514 1551 922">
    <p class='ocr_par' dir='ltr' id='par_1_2' title="bbox 156 514 1551 812">
     <span class='ocr_line' id='line_1_2' title="bbox 156 514 1551 600; baseline 0.003 -23"><span class='ocrx_word' id='word_1_3' title='bbox 156 539 159 547; x_wconf 92' lang='lat'><strong>·</strong></span> <span class='ocrx_word' id='word_1_4' title='bbox 267 532 386 591; x_wconf 67' lang='lat' dir='ltr'><strong>renova</strong></span> <span class='ocrx_word' id='word_1_5' title='bbox 415 532 484 580; x_wconf 79' lang='lat' dir='ltr'><strong>nso</strong></span> <span class='ocrx_word' id='word_1_6' title='bbox 512 533 606 581; x_wconf 78' lang='lat' dir='ltr'><strong>nnnc</strong></span> <span class='ocrx_word' id='word_1_7' title='bbox 631 514 895 600; x_wconf 52' lang='lat' dir='ltr'><strong>fprofeotionem&#39;</strong></span> <span class='ocrx_word' id='word_1_8' title='bbox 921 516 1058 596; x_wconf 85' lang='lat' dir='ltr'><strong>[scilieet]</strong></span> <span class='ocrx_word' id='word_1_9' title='bbox 1084 514 1250 580; x_wconf 83' lang='lat' dir='ltr'><strong>subaudis:</strong></span> <span class='ocrx_word' id='word_1_10' title='bbox 1277 537 1355 579; x_wconf 92' lang='lat' dir='ltr'><strong>nam</strong></span> <span class='ocrx_word' id='word_1_11' title='bbox 1377 515 1551 600; x_wconf 79' lang='lat' dir='ltr'><strong>posteriori</strong></span> 
     </span>
     <span class='ocr_line' id='line_1_3' title="bbox 268 621 1550 706; baseline 0.003 -23"><span class='ocrx_word' id='word_1_12' title='bbox 268 642 333 684; x_wconf 92' lang='lat' dir='ltr'><strong>non</strong></span> <span class='ocrx_word' id='word_1_13' title='bbox 361 625 471 705; x_wconf 88' lang='lat' dir='ltr'><strong>potest</strong></span> <span class='ocrx_word' id='word_1_14' title='bbox 498 622 604 706; x_wconf 86' lang='lat' dir='ltr'><strong>iungi,</strong></span> <span class='ocrx_word' id='word_1_15' title='bbox 636 645 676 686; x_wconf 93' lang='lat' dir='ltr'><strong>ne</strong></span> <span class='ocrx_word' id='word_1_16' title='bbox 705 623 748 687; x_wconf 91' lang='lat' dir='ltr'><strong>sit</strong></span> <span class='ocrx_word' id='word_1_17' title='bbox 776 623 945 688; x_wconf 83' lang='lat' dir='ltr'><strong>confessio.</strong></span> <span class='ocrx_word' id='word_1_18' title='bbox 992 628 1020 686; x_wconf 90' lang='lat' dir='ltr'><strong>et</strong></span> <span class='ocrx_word' id='word_1_19' title='bbox 1040 623 1095 687; x_wconf 77' lang='lat' dir='ltr'><strong>icoc</strong></span> <span class='ocrx_word' id='word_1_20' title='bbox 1116 627 1160 687; x_wconf 88' lang='lat' dir='ltr'><strong>est</strong></span> <span class='ocrx_word' id='word_1_21' title='bbox 1186 624 1267 704; x_wconf 79' lang='lat' dir='ltr'><strong>qaod</strong></span> <span class='ocrx_word' id='word_1_22' title='bbox 1287 624 1421 688; x_wconf 74' lang='lat' dir='ltr'><strong>reddidit</strong></span> <span class='ocrx_word' id='word_1_23' title='bbox 1443 621 1550 705; x_wconf 83' lang='lat'>&lt;305&gt;</span> 
     </span>
     <span class='ocr_line' id='line_1_4' title="bbox 269 724 765 812; baseline 0.008 -22"><span class='ocrx_word' id='word_1_24' title='bbox 269 724 475 793; x_wconf 71' lang='lat' dir='ltr'><strong>‘ctissimatare</strong></span> <span class='ocrx_word' id='word_1_25' title='bbox 497 731 590 794; x_wconf 89' lang='lat' dir='ltr'><strong>etiam</strong></span> <span class='ocrx_word' id='word_1_26' title='bbox 613 729 765 812; x_wconf 86' lang='lat' dir='ltr'><strong>sperasti&#39;.</strong></span> 
     </span>
    </p>

    <p class='ocr_par' dir='ltr' id='par_1_3' title="bbox 356 835 1549 922">
     <span class='ocr_line' id='line_1_5' title="bbox 356 835 1549 922; baseline 0.003 -23"><span class='ocrx_word' id='word_1_27' title='bbox 356 835 431 900; x_wconf 84' lang='lat'><strong>339.</strong></span> <span class='ocrx_word' id='word_1_28' title='bbox 459 855 660 902; x_wconf 79' lang='lat' dir='ltr'><strong>Pnnsrnnnl</strong></span> <span class='ocrx_word' id='word_1_29' title='bbox 675 856 812 904; x_wconf 71' lang='lat' dir='ltr'><strong>sannas</strong></span> <span class='ocrx_word' id='word_1_30' title='bbox 828 839 948 922; x_wconf 88' lang='lat' dir='ltr'><strong>probat</strong></span> <span class='ocrx_word' id='word_1_31' title='bbox 962 860 1029 904; x_wconf 91' lang='lat' dir='ltr'><strong>non</strong></span> <span class='ocrx_word' id='word_1_32' title='bbox 1044 860 1112 903; x_wconf 89' lang='lat' dir='ltr'><strong>esse</strong></span> <span class='ocrx_word' id='word_1_33' title='bbox 1127 837 1383 902; x_wconf 78' lang='lat' dir='ltr'><strong>matrimonium:</strong></span> <span class='ocrx_word' id='word_1_34' title='bbox 1401 839 1478 920; x_wconf 82' lang='lat' dir='ltr'><strong>qnia</strong></span> <span class='ocrx_word' id='word_1_35' title='bbox 1490 837 1549 902; x_wconf 85' lang='lat' dir='ltr'><strong>itta</strong></span> 
     </span>
    </p>
   </div>
   <div class='ocr_carea' id='block_1_3' title="bbox 232 940 1665 1027">
    <p class='ocr_par' dir='ltr' id='par_1_4' title="bbox 232 940 1665 1027">
     <span class='ocr_line' id='line_1_6' title="bbox 232 940 1665 1027; baseline 0.004 -25"><span class='ocrx_word' id='word_1_36' title='bbox 232 940 389 1004; x_wconf 78' lang='lat' dir='ltr'><strong>sdinmat</strong></span> <span class='ocrx_word' id='word_1_37' title='bbox 411 942 517 1026; x_wconf 89' lang='grc'><strong>&lt;316&gt;</strong></span> <span class='ocrx_word' id='word_1_38' title='bbox 546 942 614 1025; x_wconf 73' lang='lat' dir='ltr'><strong>‘per</strong></span> <span class='ocrx_word' id='word_1_39' title='bbox 641 945 771 1009; x_wconf 82' lang='lat' dir='ltr'><strong>conrrbia</strong></span> <span class='ocrx_word' id='word_1_40' title='bbox 797 943 930 1009; x_wconf 90' lang='lat' dir='ltr'><strong>nostra&#39;.</strong></span> <span class='ocrx_word' id='word_1_41' title='bbox 975 949 1003 1008; x_wconf 92' lang='lat' dir='ltr'><strong>et</strong></span> <span class='ocrx_word' id='word_1_42' title='bbox 1030 949 1074 1009; x_wconf 87' lang='lat' dir='ltr'><strong>est</strong></span> <span class='ocrx_word' id='word_1_43' title='bbox 1099 945 1190 1026; x_wconf 78' lang='lat' dir='ltr'><strong>qnasi</strong></span> <span class='ocrx_word' id='word_1_44' title='bbox 1211 949 1310 1009; x_wconf 83' lang='lat' dir='ltr'><strong>statas</strong></span> <span class='ocrx_word' id='word_1_45' title='bbox 1337 945 1412 1027; x_wconf 79' lang='lat' dir='ltr'><strong>fanis</strong></span> <span class='ocrx_word' id='word_1_46' title='bbox 1439 945 1550 1009; x_wconf 80' lang='lat' dir='ltr'><strong>latens:</strong></span> <span class='ocrx_word' id='word_1_47' title='bbox 1655 995 1665 1008; x_wconf 85' lang='lat'><strong><em>.</em></strong></span> 
     </span>
    </p>
   </div>
   <div class='ocr_carea' id='block_1_4' title="bbox 215 1048 1623 3275">
    <p class='ocr_par' dir='ltr' id='par_1_5' title="bbox 215 1048 1623 2740">
     <span class='ocr_line' id='line_1_7' title="bbox 266 1048 1552 1134; baseline 0.005 -24"><span class='ocrx_word' id='word_1_48' title='bbox 266 1048 342 1128; x_wconf 79' lang='lat' dir='ltr'><strong>qnid</strong></span> <span class='ocrx_word' id='word_1_49' title='bbox 363 1049 427 1113; x_wconf 89' lang='lat' dir='ltr'><strong>sint</strong></span> <span class='ocrx_word' id='word_1_50' title='bbox 449 1051 600 1133; x_wconf 80' lang='lat' dir='ltr'><strong>tepitimue</strong></span> <span class='ocrx_word' id='word_1_51' title='bbox 621 1051 756 1132; x_wconf 76' lang='lat' dir='ltr'><strong>nuptiae.</strong></span> <span class='ocrx_word' id='word_1_52' title='bbox 801 1056 830 1114; x_wconf 91' lang='lat' dir='ltr'><strong>et</strong></span> <span class='ocrx_word' id='word_1_53' title='bbox 855 1049 904 1114; x_wconf 79' lang='lat' dir='ltr'><strong>aa</strong></span> <span class='ocrx_word' id='word_1_54' title='bbox 932 1050 1071 1115; x_wconf 86' lang='lat' dir='ltr'><strong>Aeneam</strong></span> <span class='ocrx_word' id='word_1_55' title='bbox 1099 1052 1218 1116; x_wconf 87' lang='lat' dir='ltr'><strong>indacit</strong></span> <span class='ocrx_word' id='word_1_56' title='bbox 1243 1057 1380 1134; x_wconf 81' lang='lat' dir='ltr'><strong>apentem</strong></span> <span class='ocrx_word' id='word_1_57' title='bbox 1406 1052 1492 1117; x_wconf 82' lang='lat' dir='ltr'><strong>natio</strong></span> <span class='ocrx_word' id='word_1_58' title='bbox 1519 1071 1552 1117; x_wconf 88' lang='lat' dir='ltr'><strong>se</strong></span> 
     </span>
     <span class='ocr_line' id='line_1_8' title="bbox 268 1155 1549 1240; baseline 0.005 -23"><span class='ocrx_word' id='word_1_59' title='bbox 268 1155 464 1219; x_wconf 75' lang='lat' dir='ltr'><strong>matrimonii</strong></span> <span class='ocrx_word' id='word_1_60' title='bbox 485 1157 553 1220; x_wconf 88' lang='lat' dir='ltr'><strong>inre</strong></span> <span class='ocrx_word' id='word_1_61' title='bbox 568 1176 660 1238; x_wconf 88' lang='lat' dir='ltr'><strong>posse</strong></span> <span class='ocrx_word' id='word_1_62' title='bbox 682 1157 857 1240; x_wconf 60' lang='lat' dir='ltr'><strong>constringit,</strong></span> <span class='ocrx_word' id='word_1_63' title='bbox 880 1158 935 1238; x_wconf 78' lang='lat' dir='ltr'><strong>qni</strong></span> <span class='ocrx_word' id='word_1_64' title='bbox 956 1177 1053 1238; x_wconf 73' lang='lat' dir='ltr'><strong>nmne</strong></span> <span class='ocrx_word' id='word_1_65' title='bbox 1075 1157 1320 1237; x_wconf 81' lang='lat' dir='ltr'><strong>conformatione</strong></span> <span class='ocrx_word' id='word_1_66' title='bbox 1342 1157 1464 1223; x_wconf 80' lang='lat' dir='ltr'><strong>Didoni</strong></span> <span class='ocrx_word' id='word_1_67' title='bbox 1481 1172 1549 1223; x_wconf 86' lang='lat' dir='ltr'><strong>con-</strong></span> 
     </span>
     <span class='ocr_line' id='line_1_9' title="bbox 267 1262 1552 1345; baseline 0.005 -20"><span class='ocrx_word' id='word_1_68' title='bbox 267 1262 390 1326; x_wconf 80' lang='lat' dir='ltr'><strong>iunctas</strong></span> <span class='ocrx_word' id='word_1_69' title='bbox 409 1263 522 1343; x_wconf 69' lang='lat' dir='ltr'><strong>fuera,</strong></span> <span class='ocrx_word' id='word_1_70' title='bbox 545 1268 582 1327; x_wconf 87' lang='lat' dir='ltr'><strong>nt</strong></span> <span class='ocrx_word' id='word_1_71' title='bbox 602 1263 728 1344; x_wconf 73' lang='lat' dir='ltr'><strong>flamini</strong></span> <span class='ocrx_word' id='word_1_72' title='bbox 755 1285 792 1329; x_wconf 89' lang='lat' dir='ltr'><strong>ac</strong></span> <span class='ocrx_word' id='word_1_73' title='bbox 818 1265 996 1345; x_wconf 74' lang='lat' dir='ltr'><strong>flaminicae</strong></span> <span class='ocrx_word' id='word_1_74' title='bbox 1023 1265 1178 1329; x_wconf 83' lang='lat' dir='ltr'><strong>convenit:</strong></span> <span class='ocrx_word' id='word_1_75' title='bbox 1206 1266 1254 1328; x_wconf 90' lang='lat' dir='ltr'><strong>ait</strong></span> <span class='ocrx_word' id='word_1_76' title='bbox 1279 1266 1361 1329; x_wconf 90' lang='lat' dir='ltr'><strong>enim</strong></span> <span class='ocrx_word' id='word_1_77' title='bbox 1389 1264 1457 1330; x_wconf 79' lang='lat' dir='ltr'><strong>‘nec</strong></span> <span class='ocrx_word' id='word_1_78' title='bbox 1483 1287 1552 1331; x_wconf 89' lang='lat' dir='ltr'><strong>con-</strong></span> 
     </span>
     <span class='ocr_line' id='line_1_10' title="bbox 267 1368 1550 1456; baseline 0.005 -24"><span class='ocrx_word' id='word_1_79' title='bbox 267 1368 349 1450; x_wconf 77' lang='lat' dir='ltr'><strong>inpis</strong></span> <span class='ocrx_word' id='word_1_80' title='bbox 374 1389 522 1451; x_wconf 79' lang='lat' dir='ltr'><strong>mnpaam</strong></span> <span class='ocrx_word' id='word_1_81' title='bbox 539 1373 703 1452; x_wconf 88' lang='lat' dir='ltr'><strong>praetendi</strong></span> <span class='ocrx_word' id='word_1_82' title='bbox 726 1372 842 1456; x_wconf 85' lang='lat' dir='ltr'><strong>taedas,</strong></span> <span class='ocrx_word' id='word_1_83' title='bbox 867 1377 924 1436; x_wconf 88' lang='lat' dir='ltr'><strong>aat</strong></span> <span class='ocrx_word' id='word_1_84' title='bbox 944 1371 1017 1437; x_wconf 80' lang='lat' dir='ltr'><strong>haec</strong></span> <span class='ocrx_word' id='word_1_85' title='bbox 1038 1373 1074 1435; x_wconf 92' lang='lat' dir='ltr'><strong>in</strong></span> <span class='ocrx_word' id='word_1_86' title='bbox 1095 1370 1218 1452; x_wconf 71' lang='lat' dir='ltr'><strong>mmera</strong></span> <span class='ocrx_word' id='word_1_87' title='bbox 1239 1370 1331 1436; x_wconf 87' lang='lat' dir='ltr'><strong>oeni’.</strong></span> <span class='ocrx_word' id='word_1_88' title='bbox 1364 1378 1394 1437; x_wconf 89' lang='lat' dir='ltr'><strong>et</strong></span> <span class='ocrx_word' id='word_1_89' title='bbox 1416 1371 1550 1438; x_wconf 75' lang='lat' dir='ltr'><strong>‘taedas&#39;</strong></span> 
     </span>
     <span class='ocr_line' id='line_1_11' title="bbox 215 1477 1623 1562; baseline 0.003 -25"><span class='ocrx_word' id='word_1_90' title='bbox 215 1477 388 1557; x_wconf 77' lang='lat' dir='ltr'><strong>leonidem</strong></span> <span class='ocrx_word' id='word_1_91' title='bbox 410 1483 560 1558; x_wconf 77' lang='lat' dir='ltr'><strong>parantum</strong></span> <span class='ocrx_word' id='word_1_92' title='bbox 583 1479 627 1542; x_wconf 89' lang='lat' dir='ltr'><strong>od</strong></span> <span class='ocrx_word' id='word_1_93' title='bbox 647 1479 748 1561; x_wconf 81' lang='lat' dir='ltr'><strong>ipnem</strong></span> <span class='ocrx_word' id='word_1_94' title='bbox 767 1479 906 1560; x_wconf 78' lang='lat' dir='ltr'><strong>pertinet,</strong></span> <span class='ocrx_word' id='word_1_95' title='bbox 931 1499 991 1560; x_wconf 89' lang='lat' dir='ltr'><strong>per</strong></span> <span class='ocrx_word' id='word_1_96' title='bbox 1013 1498 1102 1559; x_wconf 81' lang='lat' dir='ltr'><strong>qoem</strong></span> <span class='ocrx_word' id='word_1_97' title='bbox 1124 1497 1189 1543; x_wconf 89' lang='lat' dir='ltr'><strong>mos</strong></span> <span class='ocrx_word' id='word_1_98' title='bbox 1212 1480 1470 1560; x_wconf 79' lang='lat' dir='ltr'><strong>confarreationis</strong></span> <span class='ocrx_word' id='word_1_99' title='bbox 1492 1481 1546 1562; x_wconf 79' lang='lat' dir='ltr'><strong>far-</strong></span> <span class='ocrx_word' id='word_1_100' title='bbox 1619 1530 1623 1541; x_wconf 90' lang='lat'><strong><em>.</em></strong></span> 
     </span>
     <span class='ocr_line' id='line_1_12' title="bbox 268 1583 1549 1670; baseline 0.005 -24"><span class='ocrx_word' id='word_1_101' title='bbox 268 1583 425 1662; x_wconf 80' lang='lat' dir='ltr'><strong>motatur,</strong></span> <span class='ocrx_word' id='word_1_102' title='bbox 448 1585 543 1648; x_wconf 81' lang='lat' dir='ltr'><strong>dicit:</strong></span> <span class='ocrx_word' id='word_1_103' title='bbox 572 1586 685 1650; x_wconf 83' lang='lat' dir='ltr'><strong>scilicet</strong></span> <span class='ocrx_word' id='word_1_104' title='bbox 709 1606 748 1650; x_wconf 92' lang='lat' dir='ltr'><strong>ne</strong></span> <span class='ocrx_word' id='word_1_105' title='bbox 770 1592 827 1650; x_wconf 79' lang='lat' dir='ltr'><strong>aret</strong></span> <span class='ocrx_word' id='word_1_106' title='bbox 853 1587 984 1670; x_wconf 77' lang='lat' dir='ltr'><strong>tepitinre</strong></span> <span class='ocrx_word' id='word_1_107' title='bbox 1010 1587 1150 1670; x_wconf 76' lang='lat' dir='ltr'><strong>inpotem</strong></span> <span class='ocrx_word' id='word_1_108' title='bbox 1175 1591 1284 1651; x_wconf 86' lang='lat' dir='ltr'><strong>eontra</strong></span> <span class='ocrx_word' id='word_1_109' title='bbox 1308 1587 1362 1667; x_wconf 81' lang='lat' dir='ltr'><strong>fas</strong></span> <span class='ocrx_word' id='word_1_110' title='bbox 1388 1588 1549 1670; x_wconf 61' lang='lat' dir='ltr'><strong>retromissa</strong></span> 
     </span>
     <span class='ocr_line' id='line_1_13' title="bbox 216 1691 1549 1778; baseline 0.003 -23"><span class='ocrx_word' id='word_1_111' title='bbox 216 1746 219 1755; x_wconf 88' lang='lat'>.</span> <span class='ocrx_word' id='word_1_112' title='bbox 266 1691 426 1774; x_wconf 78' lang='lat' dir='ltr'><strong>cederetur,</strong></span> <span class='ocrx_word' id='word_1_113' title='bbox 449 1697 506 1755; x_wconf 89' lang='lat' dir='ltr'><strong>ant</strong></span> <span class='ocrx_word' id='word_1_114' title='bbox 524 1692 640 1772; x_wconf 81' lang='lat' dir='ltr'><strong>foedas,</strong></span> <span class='ocrx_word' id='word_1_115' title='bbox 663 1695 699 1758; x_wconf 91' lang='lat' dir='ltr'><strong>id</strong></span> <span class='ocrx_word' id='word_1_116' title='bbox 719 1695 874 1776; x_wconf 67' lang='lat' dir='ltr'><strong>ostridam</strong></span> <span class='ocrx_word' id='word_1_117' title='bbox 900 1695 1021 1777; x_wconf 82' lang='lat' dir='ltr'><strong>rupisse</strong></span> <span class='ocrx_word' id='word_1_118' title='bbox 1043 1699 1208 1776; x_wconf 74' lang='lat' dir='ltr'><strong>perpetuae</strong></span> <span class='ocrx_word' id='word_1_119' title='bbox 1234 1696 1446 1778; x_wconf 86' lang='lat' dir='ltr'><strong>castimoniae,</strong></span> <span class='ocrx_word' id='word_1_120' title='bbox 1472 1696 1549 1776; x_wconf 79' lang='lat' dir='ltr'><strong>qnia</strong></span> 
     </span>
     <span class='ocr_line' id='line_1_14' title="bbox 267 1798 1548 1882; baseline 0.005 -22"><span class='ocrx_word' id='word_1_121' title='bbox 267 1817 336 1860; x_wconf 89' lang='lat' dir='ltr'><strong>cnm</strong></span> <span class='ocrx_word' id='word_1_122' title='bbox 357 1798 490 1878; x_wconf 65' lang='lat' dir='ltr'><strong>ficissent</strong></span> <span class='ocrx_word' id='word_1_123' title='bbox 518 1801 628 1878; x_wconf 83' lang='lat' dir='ltr'><strong>innoti,</strong></span> <span class='ocrx_word' id='word_1_124' title='bbox 656 1801 769 1864; x_wconf 86' lang='lat' dir='ltr'><strong>scirent</strong></span> <span class='ocrx_word' id='word_1_125' title='bbox 797 1801 945 1865; x_wconf 78' lang='lat' dir='ltr'><strong>monisse:</strong></span> <span class='ocrx_word' id='word_1_126' title='bbox 968 1821 1047 1882; x_wconf 74' lang='lat' dir='ltr'><strong>picae</strong></span> <span class='ocrx_word' id='word_1_127' title='bbox 1069 1821 1117 1865; x_wconf 86' lang='lat' dir='ltr'><strong>res</strong></span> <span class='ocrx_word' id='word_1_128' title='bbox 1135 1801 1257 1864; x_wconf 84' lang='lat' dir='ltr'><strong>dirimit</strong></span> <span class='ocrx_word' id='word_1_129' title='bbox 1273 1801 1548 1881; x_wconf 82' lang='lat' dir='ltr'><strong>conformationes:</strong></span> 
     </span>
     <span class='ocr_line' id='line_1_15' title="bbox 268 1905 1551 1991; baseline 0.004 -23"><span class='ocrx_word' id='word_1_130' title='bbox 268 1905 390 1969; x_wconf 81' lang='lat' dir='ltr'><strong>diderat</strong></span> <span class='ocrx_word' id='word_1_131' title='bbox 411 1907 494 1969; x_wconf 89' lang='lat' dir='ltr'><strong>enim</strong></span> <span class='ocrx_word' id='word_1_132' title='bbox 516 1906 599 1970; x_wconf 85' lang='lat' dir='ltr'><strong>Iano</strong></span> <span class='ocrx_word' id='word_1_133' title='bbox 622 1906 729 1991; x_wconf 77' lang='lat'>&lt;122&gt;</span> <span class='ocrx_word' id='word_1_134' title='bbox 754 1905 797 1970; x_wconf 79' lang='lat' dir='ltr'><strong>‘et</strong></span> <span class='ocrx_word' id='word_1_135' title='bbox 820 1909 936 1972; x_wconf 89' lang='lat' dir='ltr'><strong>tonitrn</strong></span> <span class='ocrx_word' id='word_1_136' title='bbox 957 1909 1075 1972; x_wconf 85' lang='lat' dir='ltr'><strong>coelam</strong></span> <span class='ocrx_word' id='word_1_137' title='bbox 1098 1914 1190 1972; x_wconf 89' lang='lat' dir='ltr'><strong>omne</strong></span> <span class='ocrx_word' id='word_1_138' title='bbox 1208 1905 1303 1971; x_wconf 83' lang='lat' dir='ltr'><strong>ciebo&#39;</strong></span> <span class='ocrx_word' id='word_1_139' title='bbox 1327 1912 1355 1971; x_wconf 88' lang='lat' dir='ltr'><strong>et</strong></span> <span class='ocrx_word' id='word_1_140' title='bbox 1366 1909 1464 1990; x_wconf 83' lang='lat' dir='ltr'><strong>panto</strong></span> <span class='ocrx_word' id='word_1_141' title='bbox 1477 1914 1551 1991; x_wconf 87' lang='lat' dir='ltr'><strong>post</strong></span> 
     </span>
     <span class='ocr_line' id='line_1_16' title="bbox 217 2010 1549 2098; baseline 0.003 -24"><span class='ocrx_word' id='word_1_142' title='bbox 217 2024 249 2074; x_wconf 77' lang='lat'><strong>15</strong></span> <span class='ocrx_word' id='word_1_143' title='bbox 271 2010 378 2095; x_wconf 84' lang='lat'>&lt;161&gt;</span> <span class='ocrx_word' id='word_1_144' title='bbox 403 2010 590 2095; x_wconf 75' lang='lat' dir='ltr'><strong>‘insequitur</strong></span> <span class='ocrx_word' id='word_1_145' title='bbox 611 2015 777 2078; x_wconf 76' lang='lat' dir='ltr'><strong>commista</strong></span> <span class='ocrx_word' id='word_1_146' title='bbox 795 2016 949 2098; x_wconf 78' lang='lat' dir='ltr'><strong>prandine</strong></span> <span class='ocrx_word' id='word_1_147' title='bbox 971 2012 1118 2079; x_wconf 79' lang='lat' dir='ltr'><strong>nimbns’.</strong></span> <span class='ocrx_word' id='word_1_148' title='bbox 1196 2032 1264 2078; x_wconf 78' lang='lat' dir='ltr'><strong>svs</strong></span> <span class='ocrx_word' id='word_1_149' title='bbox 1287 2031 1380 2079; x_wconf 80' lang='lat' dir='ltr'><strong>nnnc</strong></span> <span class='ocrx_word' id='word_1_150' title='bbox 1405 2034 1442 2080; x_wconf 80' lang='lat' dir='ltr'><strong>ln</strong></span> <span class='ocrx_word' id='word_1_151' title='bbox 1465 2032 1549 2080; x_wconf 81' lang='lat' dir='ltr'><strong>ron-</strong></span> 
     </span>
     <span class='ocr_line' id='line_1_17' title="bbox 267 2120 1549 2206; baseline 0.005 -24"><span class='ocrx_word' id='word_1_152' title='bbox 267 2137 363 2183; x_wconf 80' lang='lat' dir='ltr'><strong>nnns</strong></span> <span class='ocrx_word' id='word_1_153' title='bbox 386 2138 469 2184; x_wconf 82' lang='lat' dir='ltr'><strong>vnnl</strong></span> <span class='ocrx_word' id='word_1_154' title='bbox 493 2123 549 2185; x_wconf 86' lang='lat' dir='ltr'><strong>sut</strong></span> <span class='ocrx_word' id='word_1_155' title='bbox 571 2120 784 2204; x_wconf 82' lang='lat' dir='ltr'><strong>matrimonii,</strong></span> <span class='ocrx_word' id='word_1_156' title='bbox 813 2125 846 2185; x_wconf 91' lang='lat' dir='ltr'><strong>et</strong></span> <span class='ocrx_word' id='word_1_157' title='bbox 873 2121 1071 2205; x_wconf 82' lang='lat' dir='ltr'><strong>iungendum</strong></span> <span class='ocrx_word' id='word_1_158' title='bbox 1100 2125 1150 2185; x_wconf 90' lang='lat' dir='ltr'><strong>est</strong></span> <span class='ocrx_word' id='word_1_159' title='bbox 1171 2121 1350 2206; x_wconf 77' lang='lat' dir='ltr'><strong>superiori:</strong></span> <span class='ocrx_word' id='word_1_160' title='bbox 1379 2128 1436 2187; x_wconf 90' lang='lat' dir='ltr'><strong>aut</strong></span> <span class='ocrx_word' id='word_1_161' title='bbox 1463 2126 1549 2188; x_wconf 88' lang='lat' dir='ltr'><strong>certe</strong></span> 
     </span>
     <span class='ocr_line' id='line_1_18' title="bbox 268 2226 1549 2311; baseline 0.003 -21"><span class='ocrx_word' id='word_1_162' title='bbox 268 2226 306 2290; x_wconf 89' lang='lat' dir='ltr'><strong>ad</strong></span> <span class='ocrx_word' id='word_1_163' title='bbox 326 2227 506 2311; x_wconf 85' lang='lat' dir='ltr'><strong>posteriora</strong></span> <span class='ocrx_word' id='word_1_164' title='bbox 529 2227 680 2311; x_wconf 88' lang='lat' dir='ltr'><strong>pertinet,</strong></span> <span class='ocrx_word' id='word_1_165' title='bbox 704 2232 737 2293; x_wconf 89' lang='lat' dir='ltr'><strong>et</strong></span> <span class='ocrx_word' id='word_1_166' title='bbox 759 2228 820 2292; x_wconf 88' lang='lat' dir='ltr'><strong>hoo</strong></span> <span class='ocrx_word' id='word_1_167' title='bbox 848 2227 940 2292; x_wconf 87' lang='lat' dir='ltr'><strong>dicit:</strong></span> <span class='ocrx_word' id='word_1_168' title='bbox 968 2251 1034 2294; x_wconf 91' lang='lat' dir='ltr'><strong>non</strong></span> <span class='ocrx_word' id='word_1_169' title='bbox 1063 2228 1103 2292; x_wconf 86' lang='lat' dir='ltr'><strong>ad</strong></span> <span class='ocrx_word' id='word_1_170' title='bbox 1131 2227 1193 2292; x_wconf 91' lang='lat' dir='ltr'><strong>hoo</strong></span> <span class='ocrx_word' id='word_1_171' title='bbox 1221 2228 1310 2311; x_wconf 84' lang='lat' dir='ltr'><strong>veni,</strong></span> <span class='ocrx_word' id='word_1_172' title='bbox 1337 2231 1374 2292; x_wconf 91' lang='lat' dir='ltr'><strong>ut</strong></span> <span class='ocrx_word' id='word_1_173' title='bbox 1400 2228 1454 2294; x_wconf 90' lang='lat' dir='ltr'><strong>hio</strong></span> <span class='ocrx_word' id='word_1_174' title='bbox 1481 2252 1549 2294; x_wconf 92' lang='lat' dir='ltr'><strong>mo·</strong></span> 
     </span>
     <span class='ocr_line' id='line_1_19' title="bbox 266 2333 1549 2419; baseline 0.002 -22"><span class='ocrx_word' id='word_1_175' title='bbox 266 2355 370 2398; x_wconf 90' lang='lat' dir='ltr'><strong>rarer:</strong></span> <span class='ocrx_word' id='word_1_176' title='bbox 394 2333 478 2398; x_wconf 87' lang='lat' dir='ltr'><strong>sicut</strong></span> <span class='ocrx_word' id='word_1_177' title='bbox 501 2339 533 2398; x_wconf 93' lang='lat' dir='ltr'><strong>et</strong></span> <span class='ocrx_word' id='word_1_178' title='bbox 555 2355 640 2398; x_wconf 90' lang='lat' dir='ltr'><strong>nuno</strong></span> <span class='ocrx_word' id='word_1_179' title='bbox 662 2335 781 2419; x_wconf 87' lang='lat' dir='ltr'><strong>probat</strong></span> <span class='ocrx_word' id='word_1_180' title='bbox 803 2336 905 2399; x_wconf 85' lang='lat' dir='ltr'><strong>dicens</strong></span> <span class='ocrx_word' id='word_1_181' title='bbox 929 2334 995 2399; x_wconf 77' lang='lat' dir='ltr'><strong>‘me</strong></span> <span class='ocrx_word' id='word_1_182' title='bbox 1019 2335 1046 2400; x_wconf 92' lang='lat' dir='ltr'><strong>si</strong></span> <span class='ocrx_word' id='word_1_183' title='bbox 1075 2335 1144 2399; x_wconf 87' lang='lat' dir='ltr'><strong>fata</strong></span> <span class='ocrx_word' id='word_1_184' title='bbox 1171 2334 1252 2398; x_wconf 90' lang='lat' dir='ltr'><strong>meis</strong></span> <span class='ocrx_word' id='word_1_185' title='bbox 1282 2338 1471 2418; x_wconf 89' lang='lat' dir='ltr'><strong>paterentur</strong></span> <span class='ocrx_word' id='word_1_186' title='bbox 1494 2337 1549 2400; x_wconf 89' lang='lat' dir='ltr'><strong>du·</strong></span> 
     </span>
     <span class='ocr_line' id='line_1_20' title="bbox 268 2439 1550 2527; baseline 0.002 -23"><span class='ocrx_word' id='word_1_187' title='bbox 268 2463 338 2505; x_wconf 86' lang='lat' dir='ltr'><strong>cere</strong></span> <span class='ocrx_word' id='word_1_188' title='bbox 360 2439 480 2505; x_wconf 87' lang='lat' dir='ltr'><strong>vitam&#39;</strong></span> <span class='ocrx_word' id='word_1_189' title='bbox 509 2445 543 2505; x_wconf 90' lang='lat' dir='ltr'><strong>et</strong></span> <span class='ocrx_word' id='word_1_190' title='bbox 570 2441 652 2506; x_wconf 85' lang='lat' dir='ltr'><strong>dixit</strong></span> <span class='ocrx_word' id='word_1_191' title='bbox 679 2442 713 2505; x_wconf 91' lang='lat' dir='ltr'><strong>in</strong></span> <span class='ocrx_word' id='word_1_192' title='bbox 741 2442 848 2526; x_wconf 89' lang='lat' dir='ltr'><strong>primo</strong></span> <span class='ocrx_word' id='word_1_193' title='bbox 877 2443 984 2527; x_wconf 84' lang='lat'>&lt;610&gt;</span> <span class='ocrx_word' id='word_1_194' title='bbox 1013 2464 1106 2526; x_wconf 87' lang='lat' dir='ltr'><strong>quae</strong></span> <span class='ocrx_word' id='word_1_195' title='bbox 1135 2463 1190 2505; x_wconf 90' lang='lat' dir='ltr'><strong>me</strong></span> <span class='ocrx_word' id='word_1_196' title='bbox 1217 2463 1377 2527; x_wconf 86' lang='lat' dir='ltr'><strong>eumque</strong></span> <span class='ocrx_word' id='word_1_197' title='bbox 1405 2447 1550 2508; x_wconf 83' lang='lat' dir='ltr'><strong>vocant</strong></span> 
     </span>
     <span class='ocr_line' id='line_1_21' title="bbox 215 2546 1548 2633; baseline 0.005 -25"><span class='ocrx_word' id='word_1_198' title='bbox 215 2561 248 2609; x_wconf 83' lang='grc' dir='ltr'><strong>2ο</strong></span> <span class='ocrx_word' id='word_1_199' title='bbox 268 2552 407 2613; x_wconf 90' lang='lat' dir='ltr'><strong>terrae.</strong></span> <span class='ocrx_word' id='word_1_200' title='bbox 454 2568 531 2631; x_wconf 84' lang='lat' dir='ltr'><strong>ergo</strong></span> <span class='ocrx_word' id='word_1_201' title='bbox 557 2546 662 2612; x_wconf 81' lang='lat' dir='ltr'><strong>‘veni&#39;</strong></span> <span class='ocrx_word' id='word_1_202' title='bbox 686 2549 845 2633; x_wconf 83' lang='lat' dir='ltr'><strong>consensi,</strong></span> <span class='ocrx_word' id='word_1_203' title='bbox 868 2549 930 2614; x_wconf 87' lang='lat' dir='ltr'><strong>hoo</strong></span> <span class='ocrx_word' id='word_1_204' title='bbox 958 2552 1008 2613; x_wconf 87' lang='lat' dir='ltr'><strong>est</strong></span> <span class='ocrx_word' id='word_1_205' title='bbox 1034 2570 1100 2612; x_wconf 91' lang='lat' dir='ltr'><strong>non</strong></span> <span class='ocrx_word' id='word_1_206' title='bbox 1128 2549 1171 2612; x_wconf 93' lang='lat' dir='ltr'><strong>ad</strong></span> <span class='ocrx_word' id='word_1_207' title='bbox 1196 2548 1277 2613; x_wconf 86' lang='lat' dir='ltr'><strong>haec</strong></span> <span class='ocrx_word' id='word_1_208' title='bbox 1305 2549 1455 2614; x_wconf 84' lang='lat' dir='ltr'><strong>consensi</strong></span> <span class='ocrx_word' id='word_1_209' title='bbox 1482 2549 1548 2615; x_wconf 88' lang='lat' dir='ltr'><strong>foe-</strong></span> 
     </span>
     <span class='ocr_line' id='line_1_22' title="bbox 269 2655 1081 2740; baseline 0.001 -22"><span class='ocrx_word' id='word_1_210' title='bbox 269 2655 358 2739; x_wconf 92' lang='lat' dir='ltr'><strong>dera,</strong></span> <span class='ocrx_word' id='word_1_211' title='bbox 381 2660 418 2719; x_wconf 92' lang='lat' dir='ltr'><strong>ut</strong></span> <span class='ocrx_word' id='word_1_212' title='bbox 442 2677 513 2719; x_wconf 88' lang='lat' dir='ltr'><strong>cum</strong></span> <span class='ocrx_word' id='word_1_213' title='bbox 538 2655 654 2719; x_wconf 85' lang='lat' dir='ltr'><strong>vellem</strong></span> <span class='ocrx_word' id='word_1_214' title='bbox 678 2656 849 2740; x_wconf 87' lang='lat' dir='ltr'><strong>discedere,</strong></span> <span class='ocrx_word' id='word_1_215' title='bbox 872 2678 937 2721; x_wconf 91' lang='lat' dir='ltr'><strong>non</strong></span> <span class='ocrx_word' id='word_1_216' title='bbox 960 2656 1081 2720; x_wconf 86' lang='lat' dir='ltr'><strong>liceret.</strong></span> 
     </span>
    </p>

    <p class='ocr_par' dir='ltr' id='par_1_6' title="bbox 267 2761 1548 3060">
     <span class='ocr_line' id='line_1_23' title="bbox 356 2761 1548 2847; baseline 0.001 -21"><span class='ocrx_word' id='word_1_217' title='bbox 356 2763 430 2827; x_wconf 77' lang='lat'><strong>340.</strong></span> <span class='ocrx_word' id='word_1_218' title='bbox 467 2781 549 2828; x_wconf 79' lang='lat' dir='ltr'><strong>Mars</strong></span> <span class='ocrx_word' id='word_1_219' title='bbox 574 2779 741 2828; x_wconf 74' lang='lat' dir='ltr'><strong>nvsrlcns</strong></span> <span class='ocrx_word' id='word_1_220' title='bbox 766 2765 990 2847; x_wconf 82' lang='lat' dir='ltr'><strong>argumentum</strong></span> <span class='ocrx_word' id='word_1_221' title='bbox 1015 2785 1034 2826; x_wconf 92' lang='lat' dir='ltr'><strong>a</strong></span> <span class='ocrx_word' id='word_1_222' title='bbox 1056 2763 1259 2827; x_wconf 84' lang='lat' dir='ltr'><strong>necessitate.</strong></span> <span class='ocrx_word' id='word_1_223' title='bbox 1305 2767 1338 2826; x_wconf 90' lang='lat' dir='ltr'><strong>et</strong></span> <span class='ocrx_word' id='word_1_224' title='bbox 1361 2761 1548 2846; x_wconf 70' lang='lat' dir='ltr'><strong>‘auspiciis&#39;</strong></span> 
     </span>
     <span class='ocr_line' id='line_1_24' title="bbox 267 2868 1545 2954; baseline 0.001 -21"><span class='ocrx_word' id='word_1_225' title='bbox 267 2869 354 2953; x_wconf 85' lang='lat' dir='ltr'><strong>idea,</strong></span> <span class='ocrx_word' id='word_1_226' title='bbox 373 2870 449 2954; x_wconf 87' lang='lat' dir='ltr'><strong>quia</strong></span> <span class='ocrx_word' id='word_1_227' title='bbox 468 2870 606 2935; x_wconf 89' lang='lat' dir='ltr'><strong>maiores</strong></span> <span class='ocrx_word' id='word_1_228' title='bbox 627 2871 734 2935; x_wconf 89' lang='lat' dir='ltr'><strong>omnia</strong></span> <span class='ocrx_word' id='word_1_229' title='bbox 754 2870 923 2954; x_wconf 87' lang='lat' dir='ltr'><strong>auspicato</strong></span> <span class='ocrx_word' id='word_1_230' title='bbox 943 2869 1109 2954; x_wconf 83' lang='lat' dir='ltr'><strong>gerebant.</strong></span> <span class='ocrx_word' id='word_1_231' title='bbox 1146 2890 1223 2954; x_wconf 82' lang='lat' dir='ltr'><strong>ergo</strong></span> <span class='ocrx_word' id='word_1_232' title='bbox 1243 2868 1420 2954; x_wconf 76' lang='lat' dir='ltr'><strong>‘auspiciis&#39;</strong></span> <span class='ocrx_word' id='word_1_233' title='bbox 1439 2869 1545 2954; x_wconf 89' lang='lat' dir='ltr'><strong>dispo·</strong></span> 
     </span>
     <span class='ocr_line' id='line_1_25' title="bbox 267 2975 1548 3060; baseline 0.001 -21"><span class='ocrx_word' id='word_1_234' title='bbox 267 2975 450 3041; x_wconf 89' lang='lat' dir='ltr'><strong>sitionibus.</strong></span> <span class='ocrx_word' id='word_1_235' title='bbox 491 2982 590 3060; x_wconf 80' lang='lat' dir='ltr'><strong>potest</strong></span> <span class='ocrx_word' id='word_1_236' title='bbox 611 2983 639 3041; x_wconf 90' lang='lat' dir='ltr'><strong>et</strong></span> <span class='ocrx_word' id='word_1_237' title='bbox 661 2975 839 3059; x_wconf 75' lang='lat' dir='ltr'><strong>‘arrspidis&#39;</strong></span> <span class='ocrx_word' id='word_1_238' title='bbox 867 2977 981 3041; x_wconf 79' lang='lat' dir='ltr'><strong>didisse</strong></span> <span class='ocrx_word' id='word_1_239' title='bbox 1004 2976 1169 3060; x_wconf 77' lang='lat' dir='ltr'><strong>ominibus,</strong></span> <span class='ocrx_word' id='word_1_240' title='bbox 1192 2977 1267 3058; x_wconf 78' lang='lat' dir='ltr'><strong>peria</strong></span> <span class='ocrx_word' id='word_1_241' title='bbox 1294 2978 1329 3040; x_wconf 91' lang='lat' dir='ltr'><strong>in</strong></span> <span class='ocrx_word' id='word_1_242' title='bbox 1356 2978 1424 3041; x_wconf 88' lang='lat' dir='ltr'><strong>inre</strong></span> <span class='ocrx_word' id='word_1_243' title='bbox 1451 2998 1548 3060; x_wconf 78' lang='lat' dir='ltr'><strong>capa</strong></span> 
     </span>
    </p>

    <p class='ocr_par' dir='ltr' id='par_1_7' title="bbox 215 3083 1549 3275">
     <span class='ocr_line' id='line_1_26' title="bbox 215 3083 1548 3168; baseline 0.005 -25"><span class='ocrx_word' id='word_1_244' title='bbox 215 3097 247 3144; x_wconf 79' lang='lat' dir='ltr'><strong>aa</strong></span> <span class='ocrx_word' id='word_1_245' title='bbox 266 3083 330 3148; x_wconf 84' lang='lat' dir='ltr'><strong>rati</strong></span> <span class='ocrx_word' id='word_1_246' title='bbox 352 3084 526 3166; x_wconf 81' lang='lat' dir='ltr'><strong>adspiciam</strong></span> <span class='ocrx_word' id='word_1_247' title='bbox 549 3083 662 3148; x_wconf 87' lang='lat' dir='ltr'><strong>dicitnr</strong></span> <span class='ocrx_word' id='word_1_248' title='bbox 689 3085 770 3165; x_wconf 82' lang='lat' dir='ltr'><strong>qnod</strong></span> <span class='ocrx_word' id='word_1_249' title='bbox 796 3104 859 3148; x_wconf 90' lang='lat' dir='ltr'><strong>non</strong></span> <span class='ocrx_word' id='word_1_250' title='bbox 871 3084 1044 3165; x_wconf 80' lang='lat' dir='ltr'><strong>petentibus</strong></span> <span class='ocrx_word' id='word_1_251' title='bbox 1066 3085 1153 3148; x_wconf 84' lang='lat' dir='ltr'><strong>nobis</strong></span> <span class='ocrx_word' id='word_1_252' title='bbox 1172 3086 1215 3148; x_wconf 90' lang='lat' dir='ltr'><strong>ad</strong></span> <span class='ocrx_word' id='word_1_253' title='bbox 1231 3105 1275 3168; x_wconf 90' lang='lat' dir='ltr'><strong>ea,</strong></span> <span class='ocrx_word' id='word_1_254' title='bbox 1292 3105 1372 3166; x_wconf 82' lang='lat' dir='ltr'><strong>qnae</strong></span> <span class='ocrx_word' id='word_1_255' title='bbox 1389 3086 1424 3148; x_wconf 89' lang='lat' dir='ltr'><strong>in</strong></span> <span class='ocrx_word' id='word_1_256' title='bbox 1442 3087 1548 3149; x_wconf 91' lang='lat' dir='ltr'><strong>animo</strong></span> 
     </span>
     <span class='ocr_line' id='line_1_27' title="bbox 266 3190 1549 3275; baseline 0.002 -21"><span class='ocrx_word' id='word_1_257' title='bbox 266 3190 424 3275; x_wconf 76' lang='lat' dir='ltr'><strong>habemns,</strong></span> <span class='ocrx_word' id='word_1_258' title='bbox 455 3191 517 3255; x_wconf 84' lang='lat' dir='ltr'><strong>cicc</strong></span> <span class='ocrx_word' id='word_1_259' title='bbox 549 3191 661 3256; x_wconf 85' lang='lat' dir='ltr'><strong>ominis</strong></span> <span class='ocrx_word' id='word_1_260' title='bbox 693 3190 839 3271; x_wconf 80' lang='lat' dir='ltr'><strong>offertor:</strong></span> <span class='ocrx_word' id='word_1_261' title='bbox 871 3191 937 3254; x_wconf 81' lang='lat' dir='ltr'><strong>mett</strong></span> <span class='ocrx_word' id='word_1_262' title='bbox 968 3192 1052 3255; x_wconf 89' lang='lat' dir='ltr'><strong>enim</strong></span> <span class='ocrx_word' id='word_1_263' title='bbox 1081 3192 1234 3255; x_wconf 87' lang='lat' dir='ltr'><strong>ostendere</strong></span> <span class='ocrx_word' id='word_1_264' title='bbox 1264 3191 1404 3255; x_wconf 84' lang='lat' dir='ltr'><strong>Aeneam</strong></span> <span class='ocrx_word' id='word_1_265' title='bbox 1431 3211 1549 3274; x_wconf 88' lang='lat' dir='ltr'><strong>semper</strong></span> 
     </span>
    </p>
   </div>
   <div class='ocr_carea' id='block_1_5' title="bbox 267 3449 1549 4168">
    <p class='ocr_par' dir='ltr' id='par_1_8' title="bbox 267 3449 1549 4168">
     <span class='ocr_line' id='line_1_28' title="bbox 267 3449 1547 3526; baseline 0.002 -19"><span class='ocrx_word' id='word_1_266' title='bbox 267 3470 318 3525; x_wconf 88' lang='lat' dir='ltr'><strong>pro</strong></span> <span class='ocrx_word' id='word_1_267' title='bbox 338 3454 378 3509; x_wconf 89' lang='lat' dir='ltr'><strong>rei</strong></span> <span class='ocrx_word' id='word_1_268' title='bbox 396 3449 620 3524; x_wconf 78' lang='lat' dir='ltr'><strong>ueritate&#39;atque</strong></span> <span class='ocrx_word' id='word_1_269' title='bbox 639 3455 756 3510; x_wconf 85' lang='lat' dir='ltr'><strong>iustitia.</strong></span> <span class='ocrx_word' id='word_1_270' title='bbox 794 3457 823 3509; x_wconf 90' lang='lat' dir='ltr'><strong>et</strong></span> <span class='ocrx_word' id='word_1_271' title='bbox 846 3455 957 3524; x_wconf 87' lang='lat' dir='ltr'><strong>proprie</strong></span> <span class='ocrx_word' id='word_1_272' title='bbox 982 3455 1053 3510; x_wconf 86' lang='lat' dir='ltr'><strong>dixit</strong></span> <span class='ocrx_word' id='word_1_273' title='bbox 1075 3473 1166 3526; x_wconf 86' lang='lat' dir='ltr'><strong>pausa</strong></span> <span class='ocrx_word' id='word_1_274' title='bbox 1188 3455 1218 3509; x_wconf 92' lang='lat' dir='ltr'><strong>id</strong></span> <span class='ocrx_word' id='word_1_275' title='bbox 1241 3457 1284 3510; x_wconf 88' lang='lat' dir='ltr'><strong>est</strong></span> <span class='ocrx_word' id='word_1_276' title='bbox 1307 3455 1331 3510; x_wconf 91' lang='lat' dir='ltr'><strong>si</strong></span> <span class='ocrx_word' id='word_1_277' title='bbox 1349 3455 1390 3510; x_wconf 92' lang='lat' dir='ltr'><strong>rei</strong></span> <span class='ocrx_word' id='word_1_278' title='bbox 1409 3457 1547 3526; x_wconf 85' lang='lat' dir='ltr'><strong>magnitu-</strong></span> 
     </span>
     <span class='ocr_line' id='line_1_29' title="bbox 268 3525 1547 3598; baseline 0.003 -19"><span class='ocrx_word' id='word_1_279' title='bbox 268 3525 362 3580; x_wconf 86' lang='lat' dir='ltr'><strong>dinem</strong></span> <span class='ocrx_word' id='word_1_280' title='bbox 382 3526 489 3597; x_wconf 81' lang='lat' dir='ltr'><strong>cogites</strong></span> <span class='ocrx_word' id='word_1_281' title='bbox 508 3544 599 3596; x_wconf 87' lang='lat' dir='ltr'><strong>panoa</strong></span> <span class='ocrx_word' id='word_1_282' title='bbox 620 3527 664 3596; x_wconf 74' lang='lat' dir='ltr'><strong>Tu</strong></span> <span class='ocrx_word' id='word_1_283' title='bbox 679 3533 692 3581; x_wconf 93' lang='lat'>1</span> <span class='ocrx_word' id='word_1_284' title='bbox 713 3527 794 3597; x_wconf 76' lang='lat' dir='ltr'><strong>aare]</strong></span> <span class='ocrx_word' id='word_1_285' title='bbox 815 3546 982 3581; x_wconf 68' lang='lat' dir='ltr'><strong>sessonensi:</strong></span> <span class='ocrx_word' id='word_1_286' title='bbox 996 3549 1021 3582; x_wconf 83' lang='lat' dir='ltr'><strong>r.</strong></span> <span class='ocrx_word' id='word_1_287' title='bbox 1038 3549 1057 3582; x_wconf 90' lang='lat' dir='ltr'><strong>s.</strong></span> <span class='ocrx_word' id='word_1_288' title='bbox 1078 3529 1142 3582; x_wconf 89' lang='lat' dir='ltr'><strong>add.</strong></span> <span class='ocrx_word' id='word_1_289' title='bbox 1153 3527 1180 3580; x_wconf 88' lang='lat' dir='ltr'><strong><em>L</em></strong></span> <span class='ocrx_word' id='word_1_290' title='bbox 1193 3529 1202 3596; x_wconf 87' lang='grc' dir='ltr'><strong>ΙΙ</strong></span> <span class='ocrx_word' id='word_1_291' title='bbox 1216 3526 1352 3596; x_wconf 87' lang='lat' dir='ltr'><strong>superiori</strong></span> <span class='ocrx_word' id='word_1_292' title='bbox 1366 3527 1393 3580; x_wconf 88' lang='lat' dir='ltr'><em>L</em></span> <span class='ocrx_word' id='word_1_293' title='bbox 1412 3531 1436 3595; x_wconf 79' lang='lat' dir='ltr'><strong>(t</strong></span> <span class='ocrx_word' id='word_1_294' title='bbox 1454 3531 1547 3598; x_wconf 85' lang='lat' dir='ltr'><strong>poste-</strong></span> 
     </span>
     <span class='ocr_line' id='line_1_30' title="bbox 267 3597 1548 3668; baseline 0.002 -18"><span class='ocrx_word' id='word_1_295' title='bbox 267 3597 335 3651; x_wconf 89' lang='lat' dir='ltr'><strong>riori</strong></span> <span class='ocrx_word' id='word_1_296' title='bbox 355 3613 488 3666; x_wconf 87' lang='lat' dir='ltr'><strong>snperscr.</strong></span> <span class='ocrx_word' id='word_1_297' title='bbox 509 3600 527 3664; x_wconf 83' lang='lat' dir='ltr'><strong>l)</strong></span> <span class='ocrx_word' id='word_1_298' title='bbox 552 3599 562 3667; x_wconf 86' lang='grc' dir='ltr'><strong>ΙΙ</strong></span> <span class='ocrx_word' id='word_1_299' title='bbox 590 3605 604 3651; x_wconf 88' lang='grc'>2</span> <span class='ocrx_word' id='word_1_300' title='bbox 625 3601 662 3653; x_wconf 88' lang='lat' dir='ltr'><strong>ad</strong></span> <span class='ocrx_word' id='word_1_301' title='bbox 685 3615 720 3653; x_wconf 90' lang='lat' dir='ltr'><strong>ne</strong></span> <span class='ocrx_word' id='word_1_302' title='bbox 743 3599 817 3668; x_wconf 89' lang='lat' dir='ltr'><strong>finge</strong></span> <span class='ocrx_word' id='word_1_303' title='bbox 841 3597 937 3667; x_wconf 79' lang='lat' dir='ltr'><strong>fugam</strong></span> <span class='ocrx_word' id='word_1_304' title='bbox 956 3615 1031 3667; x_wconf 86' lang='lat' dir='ltr'><strong>snpr.</strong></span> <span class='ocrx_word' id='word_1_305' title='bbox 1050 3615 1117 3652; x_wconf 83' lang='lat' dir='ltr'><strong>vers.</strong></span> <span class='ocrx_word' id='word_1_306' title='bbox 1141 3599 1290 3667; x_wconf 85' lang='lat' dir='ltr'><strong>respondet</strong></span> <span class='ocrx_word' id='word_1_307' title='bbox 1313 3598 1350 3652; x_wconf 87' lang='lat' dir='ltr'><strong>ad</strong></span> <span class='ocrx_word' id='word_1_308' title='bbox 1374 3599 1445 3653; x_wconf 88' lang='lat' dir='ltr'><strong>illud</strong></span> <span class='ocrx_word' id='word_1_309' title='bbox 1468 3599 1548 3653; x_wconf 91' lang='lat' dir='ltr'><strong>dissi·</strong></span> 
     </span>
     <span class='ocr_line' id='line_1_31' title="bbox 267 3667 1548 3739; baseline 0.003 -18"><span class='ocrx_word' id='word_1_310' title='bbox 267 3667 375 3722; x_wconf 89' lang='lat' dir='ltr'><strong>mulare</strong></span> <span class='ocrx_word' id='word_1_311' title='bbox 395 3669 480 3723; x_wconf 88' lang='lat' dir='ltr'><strong>etiam</strong></span> <span class='ocrx_word' id='word_1_312' title='bbox 499 3670 617 3738; x_wconf 87' lang='lat' dir='ltr'><strong>sperasti</strong></span> <span class='ocrx_word' id='word_1_313' title='bbox 638 3670 663 3722; x_wconf 87' lang='lat' dir='ltr'><em>T</em></span> <span class='ocrx_word' id='word_1_314' title='bbox 672 3672 711 3738; x_wconf 63' lang='grc'><strong>113</strong></span> <span class='ocrx_word' id='word_1_315' title='bbox 731 3669 897 3724; x_wconf 89' lang='lat' dir='ltr'><strong>desimulare</strong></span> <span class='ocrx_word' id='word_1_316' title='bbox 916 3669 947 3722; x_wconf 99' lang='lat' dir='ltr'><em>F</em></span> <span class='ocrx_word' id='word_1_317' title='bbox 958 3671 968 3738; x_wconf 87' lang='grc' dir='ltr'><strong>ΙΙ</strong></span> <span class='ocrx_word' id='word_1_318' title='bbox 982 3671 1104 3739; x_wconf 91' lang='lat' dir='ltr'><strong>speranti</strong></span> <span class='ocrx_word' id='word_1_319' title='bbox 1124 3669 1154 3722; x_wconf 88' lang='lat' dir='ltr'><em>F</em></span> <span class='ocrx_word' id='word_1_320' title='bbox 1165 3673 1174 3738; x_wconf 85' lang='grc' dir='ltr'><strong>ΙΙ</strong></span> <span class='ocrx_word' id='word_1_321' title='bbox 1189 3676 1205 3722; x_wconf 77' lang='grc'>4</span> <span class='ocrx_word' id='word_1_322' title='bbox 1223 3669 1324 3738; x_wconf 91' lang='lat' dir='ltr'><strong>probat</strong></span> <span class='ocrx_word' id='word_1_323' title='bbox 1339 3711 1345 3724; x_wconf 85' lang='lat'><strong>.</strong></span> <span class='ocrx_word' id='word_1_324' title='bbox 1358 3711 1381 3723; x_wconf 93' lang='lat'><strong>..</strong></span> <span class='ocrx_word' id='word_1_325' title='bbox 1398 3671 1548 3726; x_wconf 80' lang='lat' dir='ltr'><strong>commixta</strong></span> 
     </span>
     <span class='ocr_line' id='line_1_32' title="bbox 267 3739 1547 3811; baseline 0.003 -20"><span class='ocrx_word' id='word_1_326' title='bbox 267 3739 402 3806; x_wconf 80' lang='lat' dir='ltr'><strong>grandine</strong></span> <span class='ocrx_word' id='word_1_327' title='bbox 421 3740 532 3795; x_wconf 88' lang='lat' dir='ltr'><strong>nimbus</strong></span> <span class='ocrx_word' id='word_1_328' title='bbox 550 3742 649 3794; x_wconf 80' lang='lat' dir='ltr'><strong>tabent</strong></span> <span class='ocrx_word' id='word_1_329' title='bbox 667 3742 692 3794; x_wconf 99' lang='grc' dir='ltr'><em>Τ</em></span> <span class='ocrx_word' id='word_1_330' title='bbox 706 3743 738 3794; x_wconf 85' lang='lat' dir='ltr'><strong>in</strong></span> <span class='ocrx_word' id='word_1_331' title='bbox 756 3758 841 3808; x_wconf 71' lang='lat' dir='ltr'><strong>mmo.</strong></span> <span class='ocrx_word' id='word_1_332' title='bbox 858 3742 910 3807; x_wconf 80' lang='lat' dir='ltr'><strong>inf.</strong></span> <span class='ocrx_word' id='word_1_333' title='bbox 925 3746 949 3794; x_wconf 87' lang='lat' dir='ltr'><strong>et</strong></span> <span class='ocrx_word' id='word_1_334' title='bbox 964 3742 1086 3794; x_wconf 78' lang='lat' dir='ltr'><strong>Ambrae.</strong></span> <span class='ocrx_word' id='word_1_335' title='bbox 1102 3744 1112 3810; x_wconf 77' lang='lat' dir='ltr'>u</span> <span class='ocrx_word' id='word_1_336' title='bbox 1126 3757 1185 3794; x_wconf 90' lang='lat' dir='ltr'><strong>esse</strong></span> <span class='ocrx_word' id='word_1_337' title='bbox 1204 3739 1413 3795; x_wconf 85' lang='lat' dir='ltr'><strong>matrimonium</strong></span> <span class='ocrx_word' id='word_1_338' title='bbox 1433 3758 1483 3796; x_wconf 91' lang='lat' dir='ltr'><strong>om.</strong></span> <span class='ocrx_word' id='word_1_339' title='bbox 1494 3742 1528 3795; x_wconf 88' lang='lat' dir='ltr'><em>H</em></span> <span class='ocrx_word' id='word_1_340' title='bbox 1540 3746 1547 3811; x_wconf 53' lang='lat' dir='ltr'><strong>{a</strong></span> 
     </span>
     <span class='ocr_line' id='line_1_33' title="bbox 268 3810 1546 3880; baseline 0.004 -18"><span class='ocrx_word' id='word_1_341' title='bbox 268 3810 346 3863; x_wconf 76' lang='lat' dir='ltr'><strong>best</strong></span> <span class='ocrx_word' id='word_1_342' title='bbox 365 3827 413 3867; x_wconf 76' lang='lat' dir='ltr'><strong>one.</strong></span> <span class='ocrx_word' id='word_1_343' title='bbox 433 3812 557 3865; x_wconf 83' lang='lat' dir='ltr'><strong>Ambrae.</strong></span> <span class='ocrx_word' id='word_1_344' title='bbox 582 3812 592 3880; x_wconf 83' lang='grc' dir='ltr'><strong>ΙΙ</strong></span> <span class='ocrx_word' id='word_1_345' title='bbox 619 3813 680 3866; x_wconf 85' lang='lat' dir='ltr'><strong>finis</strong></span> <span class='ocrx_word' id='word_1_346' title='bbox 700 3813 789 3866; x_wconf 90' lang='lat' dir='ltr'><strong>latens</strong></span> <span class='ocrx_word' id='word_1_347' title='bbox 812 3811 837 3863; x_wconf 92' lang='grc' dir='ltr'><em>Τ</em></span> <span class='ocrx_word' id='word_1_348' title='bbox 865 3812 933 3865; x_wconf 87' lang='lat' dir='ltr'><strong>fines</strong></span> <span class='ocrx_word' id='word_1_349' title='bbox 952 3811 1043 3866; x_wconf 88' lang='lat' dir='ltr'><strong>latens</strong></span> <span class='ocrx_word' id='word_1_350' title='bbox 1064 3812 1094 3865; x_wconf 93' lang='lat' dir='ltr'><em>F</em></span> <span class='ocrx_word' id='word_1_351' title='bbox 1121 3811 1207 3865; x_wconf 90' lang='lat' dir='ltr'><strong>fuerit</strong></span> <span class='ocrx_word' id='word_1_352' title='bbox 1224 3810 1314 3866; x_wconf 87' lang='lat' dir='ltr'><strong>latens</strong></span> <span class='ocrx_word' id='word_1_353' title='bbox 1334 3813 1458 3867; x_wconf 82' lang='lat' dir='ltr'><strong>Ambrae.</strong></span> <span class='ocrx_word' id='word_1_354' title='bbox 1486 3813 1546 3867; x_wconf 90' lang='lat' dir='ltr'><strong>fini-</strong></span> 
     </span>
     <span class='ocr_line' id='line_1_34' title="bbox 269 3881 1547 3953; baseline 0.002 -19"><span class='ocrx_word' id='word_1_355' title='bbox 269 3881 354 3935; x_wconf 84' lang='lat' dir='ltr'><strong>tionis</strong></span> <span class='ocrx_word' id='word_1_356' title='bbox 374 3883 538 3936; x_wconf 86' lang='lat' dir='ltr'><strong>Mosoicins.</strong></span> <span class='ocrx_word' id='word_1_357' title='bbox 571 3885 643 3936; x_wconf 81' lang='lat' dir='ltr'><strong>nihil</strong></span> <span class='ocrx_word' id='word_1_358' title='bbox 656 3885 775 3947; x_wconf 63' lang='lat' dir='ltr'><strong>matavi-</strong></span> <span class='ocrx_word' id='word_1_359' title='bbox 794 3901 859 3936; x_wconf 90' lang='lat' dir='ltr'><strong>nam</strong></span> <span class='ocrx_word' id='word_1_360' title='bbox 880 3883 992 3936; x_wconf 86' lang='lat' dir='ltr'><strong>‘statam</strong></span> <span class='ocrx_word' id='word_1_361' title='bbox 1005 3884 1081 3950; x_wconf 70' lang='lat' dir='ltr'><strong>dreis&#39;</strong></span> <span class='ocrx_word' id='word_1_362' title='bbox 1102 3884 1177 3937; x_wconf 79' lang='lat' dir='ltr'><strong>hand</strong></span> <span class='ocrx_word' id='word_1_363' title='bbox 1195 3885 1250 3937; x_wconf 87' lang='lat' dir='ltr'><strong>scio</strong></span> <span class='ocrx_word' id='word_1_364' title='bbox 1269 3901 1307 3937; x_wconf 90' lang='lat' dir='ltr'><strong>an</strong></span> <span class='ocrx_word' id='word_1_365' title='bbox 1325 3885 1480 3939; x_wconf 79' lang='lat' dir='ltr'><strong>scholiastes</strong></span> <span class='ocrx_word' id='word_1_366' title='bbox 1496 3901 1547 3953; x_wconf 89' lang='lat' dir='ltr'><strong>pro</strong></span> 
     </span>
     <span class='ocr_line' id='line_1_35' title="bbox 271 3953 1549 4025; baseline 0.003 -20"><span class='ocrx_word' id='word_1_367' title='bbox 271 3953 358 4006; x_wconf 84' lang='lat' dir='ltr'><strong>‘stata</strong></span> <span class='ocrx_word' id='word_1_368' title='bbox 376 3955 494 4021; x_wconf 74' lang='lat' dir='ltr'><strong>finitioo&#39;</strong></span> <span class='ocrx_word' id='word_1_369' title='bbox 516 3955 619 4008; x_wconf 82' lang='lat' dir='ltr'><strong>dixerit</strong></span> <span class='ocrx_word' id='word_1_370' title='bbox 637 3958 682 4022; x_wconf 74' lang='lat' dir='ltr'><strong>(es.</strong></span> <span class='ocrx_word' id='word_1_371' title='bbox 705 3956 775 4008; x_wconf 77' lang='lat' dir='ltr'><strong>isid.</strong></span> <span class='ocrx_word' id='word_1_372' title='bbox 796 3970 834 4007; x_wconf 89' lang='lat' dir='ltr'><strong>or.</strong></span> <span class='ocrx_word' id='word_1_373' title='bbox 854 3955 880 4007; x_wconf 88' lang='grc' dir='ltr'>Π</span> <span class='ocrx_word' id='word_1_374' title='bbox 899 3960 923 4020; x_wconf 74' lang='lat' dir='ltr'><strong>a,</strong></span> <span class='ocrx_word' id='word_1_375' title='bbox 944 3957 971 4022; x_wconf 84' lang='grc'><strong>2)</strong></span> <span class='ocrx_word' id='word_1_376' title='bbox 990 3971 1042 4023; x_wconf 79' lang='lat' dir='ltr'><strong>qao</strong></span> <span class='ocrx_word' id='word_1_377' title='bbox 1057 3960 1140 4024; x_wconf 87' lang='lat' dir='ltr'><strong>poeta</strong></span> <span class='ocrx_word' id='word_1_378' title='bbox 1159 3956 1271 4009; x_wconf 81' lang='lat' dir='ltr'><strong>latenter</strong></span> <span class='ocrx_word' id='word_1_379' title='bbox 1289 3971 1358 4008; x_wconf 83' lang='lat' dir='ltr'><strong>asne</strong></span> <span class='ocrx_word' id='word_1_380' title='bbox 1375 3957 1411 4009; x_wconf 86' lang='lat' dir='ltr'><strong>sit</strong></span> <span class='ocrx_word' id='word_1_381' title='bbox 1429 3958 1439 4025; x_wconf 78' lang='grc' dir='ltr'><strong>[Ι</strong></span> <span class='ocrx_word' id='word_1_382' title='bbox 1458 3963 1473 4009; x_wconf 83' lang='grc'><strong>6</strong></span> <span class='ocrx_word' id='word_1_383' title='bbox 1493 3956 1549 4010; x_wconf 89' lang='lat' dir='ltr'><strong>sint</strong></span> 
     </span>
     <span class='ocr_line' id='line_1_36' title="bbox 272 4024 1547 4096; baseline 0.002 -19"><span class='ocrx_word' id='word_1_384' title='bbox 272 4024 444 4079; x_wconf 80' lang='lat' dir='ltr'><strong>TAmbcos:</strong></span> <span class='ocrx_word' id='word_1_385' title='bbox 463 4026 486 4079; x_wconf 90' lang='lat' dir='ltr'><strong>si</strong></span> <span class='ocrx_word' id='word_1_386' title='bbox 505 4026 537 4078; x_wconf 89' lang='lat' dir='ltr'><strong>fit</strong></span> <span class='ocrx_word' id='word_1_387' title='bbox 555 4025 586 4078; x_wconf 96' lang='lat' dir='ltr'><em>F</em></span> <span class='ocrx_word' id='word_1_388' title='bbox 597 4028 606 4096; x_wconf 72' lang='lat' dir='ltr'>fl</span> <span class='ocrx_word' id='word_1_389' title='bbox 620 4025 747 4096; x_wconf 81' lang='lat' dir='ltr'><strong>legitime</strong></span> <span class='ocrx_word' id='word_1_390' title='bbox 767 4024 798 4077; x_wconf 98' lang='lat' dir='ltr'><em>F</em></span> <span class='ocrx_word' id='word_1_391' title='bbox 808 4026 818 4094; x_wconf 82' lang='grc' dir='ltr'><strong>ΙΙ</strong></span> <span class='ocrx_word' id='word_1_392' title='bbox 842 4032 856 4079; x_wconf 79' lang='grc'>7</span> <span class='ocrx_word' id='word_1_393' title='bbox 876 4024 1055 4080; x_wconf 86' lang='lat' dir='ltr'><strong>matrimonio</strong></span> <span class='ocrx_word' id='word_1_394' title='bbox 1074 4027 1222 4094; x_wconf 76' lang='lat' dir='ltr'><strong>Ambrosu</strong></span> <span class='ocrx_word' id='word_1_395' title='bbox 1239 4026 1341 4096; x_wconf 89' lang='lat' dir='ltr'><strong>neque]</strong></span> <span class='ocrx_word' id='word_1_396' title='bbox 1361 4028 1425 4092; x_wconf 80' lang='lat' dir='ltr'><strong>sort.</strong></span> <span class='ocrx_word' id='word_1_397' title='bbox 1446 4044 1547 4095; x_wconf 84' lang='lat' dir='ltr'><strong>nequa·</strong></span> 
     </span>
     <span class='ocr_line' id='line_1_37' title="bbox 269 4096 1548 4168; baseline 0.003 -20"><span class='ocrx_word' id='word_1_398' title='bbox 269 4113 354 4163; x_wconf 90' lang='lat' dir='ltr'><strong>quarn</strong></span> <span class='ocrx_word' id='word_1_399' title='bbox 368 4097 377 4164; x_wconf 85' lang='grc' dir='ltr'><strong>ΙΙ</strong></span> <span class='ocrx_word' id='word_1_400' title='bbox 392 4097 491 4151; x_wconf 92' lang='lat' dir='ltr'><strong>didone</strong></span> <span class='ocrx_word' id='word_1_401' title='bbox 512 4096 543 4149; x_wconf 98' lang='lat' dir='ltr'><em>F</em></span> <span class='ocrx_word' id='word_1_402' title='bbox 570 4097 668 4151; x_wconf 86' lang='lat' dir='ltr'><strong>lunoni</strong></span> <span class='ocrx_word' id='word_1_403' title='bbox 683 4099 804 4152; x_wconf 78' lang='lat' dir='ltr'><strong>Ambrae.</strong></span> <span class='ocrx_word' id='word_1_404' title='bbox 819 4098 859 4165; x_wconf 80' lang='grc'><strong>118</strong></span> <span class='ocrx_word' id='word_1_405' title='bbox 878 4096 990 4151; x_wconf 88' lang='lat' dir='ltr'><strong>flamine</strong></span> <span class='ocrx_word' id='word_1_406' title='bbox 1004 4097 1035 4150; x_wconf 96' lang='lat' dir='ltr'><em>F</em></span> <span class='ocrx_word' id='word_1_407' title='bbox 1045 4099 1055 4166; x_wconf 89' lang='grc' dir='ltr'><strong>ΙΙ</strong></span> <span class='ocrx_word' id='word_1_408' title='bbox 1070 4098 1113 4168; x_wconf 87' lang='lat' dir='ltr'><strong>ao]</strong></span> <span class='ocrx_word' id='word_1_409' title='bbox 1134 4100 1163 4152; x_wconf 91' lang='lat' dir='ltr'><strong>et</strong></span> <span class='ocrx_word' id='word_1_410' title='bbox 1180 4098 1304 4152; x_wconf 81' lang='lat' dir='ltr'><strong>Ambrae.</strong></span> <span class='ocrx_word' id='word_1_411' title='bbox 1319 4099 1328 4166; x_wconf 85' lang='grc' dir='ltr'><strong>ΙΙ</strong></span> <span class='ocrx_word' id='word_1_412' title='bbox 1345 4103 1376 4152; x_wconf 85' lang='grc'><strong>10</strong></span> <span class='ocrx_word' id='word_1_413' title='bbox 1396 4098 1548 4153; x_wconf 86' lang='lat' dir='ltr'><strong>conferrea-</strong></span> 
     </span>
    </p>
   </div>
   <div class='ocr_carea' id='block_1_6' title="bbox 268 4198 1549 4880">
    <p class='ocr_par' dir='ltr' id='par_1_9' title="bbox 268 4198 1549 4880">
     <span class='ocr_line' id='line_1_38' title="bbox 481 4198 495 4225; baseline 0 0"><span class='ocrx_word' id='word_1_414' title='bbox 481 4198 495 4225; x_wconf 66' lang='lat' dir='ltr'><strong>a</strong></span> 
     </span>
     <span class='ocr_line' id='line_1_39' title="bbox 269 4236 1548 4312; baseline 0.002 -22"><span class='ocrx_word' id='word_1_415' title='bbox 269 4236 355 4291; x_wconf 91' lang='lat' dir='ltr'><strong>tionis</strong></span> <span class='ocrx_word' id='word_1_416' title='bbox 370 4237 401 4290; x_wconf 98' lang='lat' dir='ltr'><em>F</em></span> <span class='ocrx_word' id='word_1_417' title='bbox 418 4239 648 4294; x_wconf 78' lang='lat' dir='ltr'><strong>conterreationis</strong></span> <span class='ocrx_word' id='word_1_418' title='bbox 661 4241 686 4293; x_wconf 92' lang='grc' dir='ltr'><em>Τ</em></span> <span class='ocrx_word' id='word_1_419' title='bbox 695 4242 705 4309; x_wconf 87' lang='grc' dir='ltr'><strong>ΙΙ</strong></span> <span class='ocrx_word' id='word_1_420' title='bbox 720 4246 752 4293; x_wconf 91' lang='grc'><strong>12</strong></span> <span class='ocrx_word' id='word_1_421' title='bbox 767 4239 887 4312; x_wconf 88' lang='lat' dir='ltr'><strong>rupisse]</strong></span> <span class='ocrx_word' id='word_1_422' title='bbox 903 4240 1006 4309; x_wconf 87' lang='lat' dir='ltr'><strong>nipisse</strong></span> <span class='ocrx_word' id='word_1_423' title='bbox 1018 4239 1068 4308; x_wconf 74' lang='lat' dir='ltr'><strong>Fu</strong></span> <span class='ocrx_word' id='word_1_424' title='bbox 1084 4247 1115 4294; x_wconf 87' lang='lat'><strong>13</strong></span> <span class='ocrx_word' id='word_1_425' title='bbox 1135 4240 1247 4294; x_wconf 86' lang='lat' dir='ltr'><strong>iunctae</strong></span> <span class='ocrx_word' id='word_1_426' title='bbox 1264 4241 1388 4295; x_wconf 83' lang='lat' dir='ltr'><strong>Ambrae.</strong></span> <span class='ocrx_word' id='word_1_427' title='bbox 1403 4243 1412 4310; x_wconf 82' lang='grc' dir='ltr'><strong>ΙΙ</strong></span> <span class='ocrx_word' id='word_1_428' title='bbox 1425 4239 1548 4294; x_wconf 88' lang='lat' dir='ltr'><strong>tenuisse</strong></span> 
     </span>
     <span class='ocr_line' id='line_1_40' title="bbox 271 4309 1549 4382; baseline 0.003 -21"><span class='ocrx_word' id='word_1_429' title='bbox 271 4309 395 4364; x_wconf 83' lang='lat' dir='ltr'><strong>Ambrae.</strong></span> <span class='ocrx_word' id='word_1_430' title='bbox 410 4311 420 4377; x_wconf 82' lang='grc' dir='ltr'><strong>ΙΙ</strong></span> <span class='ocrx_word' id='word_1_431' title='bbox 433 4310 662 4365; x_wconf 82' lang='lat' dir='ltr'><strong>confarreationis</strong></span> <span class='ocrx_word' id='word_1_432' title='bbox 681 4311 711 4364; x_wconf 92' lang='lat' dir='ltr'><em>F</em></span> <span class='ocrx_word' id='word_1_433' title='bbox 737 4311 985 4366; x_wconf 84' lang='lat' dir='ltr'><strong>confarreationem</strong></span> <span class='ocrx_word' id='word_1_434' title='bbox 1009 4312 1052 4382; x_wconf 68' lang='lat' dir='ltr'><strong>Tu</strong></span> <span class='ocrx_word' id='word_1_435' title='bbox 1073 4317 1104 4365; x_wconf 81' lang='lat'><strong>15</strong></span> <span class='ocrx_word' id='word_1_436' title='bbox 1120 4331 1172 4366; x_wconf 77' lang='lat' dir='ltr'><strong>rvr</strong></span> <span class='ocrx_word' id='word_1_437' title='bbox 1244 4311 1417 4366; x_wconf 86' lang='lat' dir='ltr'><strong>matrimonii</strong></span> <span class='ocrx_word' id='word_1_438' title='bbox 1435 4329 1486 4368; x_wconf 79' lang='lat' dir='ltr'><strong>one.</strong></span> <span class='ocrx_word' id='word_1_439' title='bbox 1496 4313 1530 4365; x_wconf 87' lang='lat' dir='ltr'><em>H</em></span> <span class='ocrx_word' id='word_1_440' title='bbox 1539 4311 1549 4382; x_wconf 79' lang='grc' dir='ltr'>Η</span> 
     </span>
     <span class='ocr_line' id='line_1_41' title="bbox 273 4380 1547 4454; baseline 0.004 -22"><span class='ocrx_word' id='word_1_441' title='bbox 273 4386 305 4433; x_wconf 81' lang='grc'><strong>16</strong></span> <span class='ocrx_word' id='word_1_442' title='bbox 322 4380 382 4452; x_wconf 88' lang='lat' dir='ltr'><strong>aut]</strong></span> <span class='ocrx_word' id='word_1_443' title='bbox 403 4380 489 4435; x_wconf 85' lang='lat' dir='ltr'><strong>idest</strong></span> <span class='ocrx_word' id='word_1_444' title='bbox 504 4381 555 4450; x_wconf 79' lang='lat' dir='ltr'><strong>Fu</strong></span> <span class='ocrx_word' id='word_1_445' title='bbox 570 4389 602 4436; x_wconf 80' lang='lat'><strong>17</strong></span> <span class='ocrx_word' id='word_1_446' title='bbox 618 4383 784 4454; x_wconf 88' lang='lat' dir='ltr'><strong>posteriora]</strong></span> <span class='ocrx_word' id='word_1_447' title='bbox 805 4400 865 4438; x_wconf 90' lang='lat' dir='ltr'><strong>esse</strong></span> <span class='ocrx_word' id='word_1_448' title='bbox 885 4383 1101 4438; x_wconf 89' lang='lat' dir='ltr'><strong>matrimonium.</strong></span> <span class='ocrx_word' id='word_1_449' title='bbox 1130 4385 1189 4437; x_wconf 87' lang='lat' dir='ltr'><strong>Aut</strong></span> <span class='ocrx_word' id='word_1_450' title='bbox 1206 4383 1277 4437; x_wconf 87' lang='lat' dir='ltr'><strong>haee</strong></span> <span class='ocrx_word' id='word_1_451' title='bbox 1295 4382 1324 4437; x_wconf 92' lang='lat' dir='ltr'><strong>in</strong></span> <span class='ocrx_word' id='word_1_452' title='bbox 1343 4382 1457 4438; x_wconf 85' lang='lat' dir='ltr'><strong>foedera</strong></span> <span class='ocrx_word' id='word_1_453' title='bbox 1475 4382 1547 4437; x_wconf 89' lang='lat' dir='ltr'><strong>ueni.</strong></span> 
     </span>
     <span class='ocr_line' id='line_1_42' title="bbox 271 4450 1549 4525; baseline 0.002 -21"><span class='ocrx_word' id='word_1_454' title='bbox 271 4453 320 4505; x_wconf 90' lang='lat' dir='ltr'><strong>aut</strong></span> <span class='ocrx_word' id='word_1_455' title='bbox 344 4450 516 4506; x_wconf 90' lang='lat' dir='ltr'><strong>matrimonii</strong></span> <span class='ocrx_word' id='word_1_456' title='bbox 540 4456 569 4506; x_wconf 91' lang='lat' dir='ltr'><strong>et</strong></span> <span class='ocrx_word' id='word_1_457' title='bbox 592 4453 762 4523; x_wconf 85' lang='lat' dir='ltr'><strong>iungendum</strong></span> <span class='ocrx_word' id='word_1_458' title='bbox 787 4460 828 4508; x_wconf 86' lang='lat' dir='ltr'><strong>est</strong></span> <span class='ocrx_word' id='word_1_459' title='bbox 853 4455 988 4524; x_wconf 89' lang='lat' dir='ltr'><strong>superiori</strong></span> <span class='ocrx_word' id='word_1_460' title='bbox 1012 4459 1060 4508; x_wconf 89' lang='lat' dir='ltr'><strong>ant</strong></span> <span class='ocrx_word' id='word_1_461' title='bbox 1084 4457 1160 4509; x_wconf 84' lang='lat' dir='ltr'><strong>certe</strong></span> <span class='ocrx_word' id='word_1_462' title='bbox 1179 4454 1215 4508; x_wconf 88' lang='lat' dir='ltr'><strong>ad</strong></span> <span class='ocrx_word' id='word_1_463' title='bbox 1233 4454 1389 4523; x_wconf 90' lang='lat' dir='ltr'><strong>posteriora</strong></span> <span class='ocrx_word' id='word_1_464' title='bbox 1408 4456 1471 4510; x_wconf 89' lang='lat' dir='ltr'><strong>add.</strong></span> <span class='ocrx_word' id='word_1_465' title='bbox 1491 4454 1525 4507; x_wconf 88' lang='lat' dir='ltr'><em>H</em></span> <span class='ocrx_word' id='word_1_466' title='bbox 1538 4454 1549 4525; x_wconf 72' lang='grc' dir='ltr'>Η</span> 
     </span>
     <span class='ocr_line' id='line_1_43' title="bbox 270 4523 1548 4596; baseline 0.002 -20"><span class='ocrx_word' id='word_1_467' title='bbox 270 4523 306 4576; x_wconf 88' lang='lat' dir='ltr'><strong>ad</strong></span> <span class='ocrx_word' id='word_1_468' title='bbox 329 4524 399 4577; x_wconf 88' lang='lat' dir='ltr'><strong>haee</strong></span> <span class='ocrx_word' id='word_1_469' title='bbox 418 4524 486 4577; x_wconf 90' lang='lat' dir='ltr'><strong>NH</strong></span> <span class='ocrx_word' id='word_1_470' title='bbox 506 4526 516 4594; x_wconf 84' lang='grc' dir='ltr'><strong>ΙΙ</strong></span> <span class='ocrx_word' id='word_1_471' title='bbox 544 4530 578 4579; x_wconf 87' lang='grc'><strong>20</strong></span> <span class='ocrx_word' id='word_1_472' title='bbox 601 4527 704 4596; x_wconf 88' lang='lat' dir='ltr'><strong>terrae]</strong></span> <span class='ocrx_word' id='word_1_473' title='bbox 729 4525 778 4579; x_wconf 90' lang='lat' dir='ltr'><strong>ubi</strong></span> <span class='ocrx_word' id='word_1_474' title='bbox 801 4526 969 4596; x_wconf 82' lang='lat' dir='ltr'><strong>significavit</strong></span> <span class='ocrx_word' id='word_1_475' title='bbox 990 4527 1065 4580; x_wconf 87' lang='lat' dir='ltr'><strong>nolle</strong></span> <span class='ocrx_word' id='word_1_476' title='bbox 1091 4526 1167 4595; x_wconf 86' lang='lat' dir='ltr'><strong>apud</strong></span> <span class='ocrx_word' id='word_1_477' title='bbox 1190 4525 1387 4594; x_wconf 85' lang='lat' dir='ltr'><strong>Carthaginem</strong></span> <span class='ocrx_word' id='word_1_478' title='bbox 1412 4530 1548 4596; x_wconf 79' lang='lat' dir='ltr'><strong>perpetuo</strong></span> 
     </span>
     <span class='ocr_line' id='line_1_44' title="bbox 269 4595 1549 4667; baseline 0.002 -20"><span class='ocrx_word' id='word_1_479' title='bbox 269 4611 395 4661; x_wconf 87' lang='lat' dir='ltr'><strong>manere,</strong></span> <span class='ocrx_word' id='word_1_480' title='bbox 420 4595 469 4649; x_wconf 88' lang='lat' dir='ltr'><strong>sed</strong></span> <span class='ocrx_word' id='word_1_481' title='bbox 492 4597 566 4650; x_wconf 86' lang='lat' dir='ltr'><strong>velle</strong></span> <span class='ocrx_word' id='word_1_482' title='bbox 590 4613 722 4665; x_wconf 87' lang='lat' dir='ltr'><strong>quaerere</strong></span> <span class='ocrx_word' id='word_1_483' title='bbox 747 4596 825 4651; x_wconf 89' lang='lat' dir='ltr'><strong>sedes</strong></span> <span class='ocrx_word' id='word_1_484' title='bbox 849 4597 914 4653; x_wconf 84' lang='lat' dir='ltr'><strong>fatis</strong></span> <span class='ocrx_word' id='word_1_485' title='bbox 938 4615 1080 4652; x_wconf 84' lang='lat' dir='ltr'><strong>concessas</strong></span> <span class='ocrx_word' id='word_1_486' title='bbox 1104 4598 1167 4652; x_wconf 86' lang='lat' dir='ltr'><strong>add.</strong></span> <span class='ocrx_word' id='word_1_487' title='bbox 1187 4597 1216 4650; x_wconf 90' lang='lat' dir='ltr'><em>D</em></span> <span class='ocrx_word' id='word_1_488' title='bbox 1243 4598 1253 4665; x_wconf 79' lang='grc' dir='ltr'><strong>[Ι</strong></span> <span class='ocrx_word' id='word_1_489' title='bbox 1279 4603 1313 4651; x_wconf 89' lang='grc'><strong>22</strong></span> <span class='ocrx_word' id='word_1_490' title='bbox 1337 4599 1549 4667; x_wconf 86' lang='lat' dir='ltr'><strong>argumentatur</strong></span> 
     </span>
     <span class='ocr_line' id='line_1_45' title="bbox 270 4664 1548 4739; baseline 0.003 -21"><span class='ocrx_word' id='word_1_491' title='bbox 270 4664 420 4719; x_wconf 80' lang='lat' dir='ltr'><strong>Fabricius</strong></span> <span class='ocrx_word' id='word_1_492' title='bbox 439 4671 463 4720; x_wconf 91' lang='lat' dir='ltr'><strong>et</strong></span> <span class='ocrx_word' id='word_1_493' title='bbox 481 4667 556 4721; x_wconf 85' lang='lat' dir='ltr'><strong>Lion</strong></span> <span class='ocrx_word' id='word_1_494' title='bbox 569 4671 579 4736; x_wconf 89' lang='grc' dir='ltr'><strong>ΙΙ</strong></span> <span class='ocrx_word' id='word_1_495' title='bbox 593 4674 625 4722; x_wconf 85' lang='grc'><strong>23</strong></span> <span class='ocrx_word' id='word_1_496' title='bbox 646 4684 741 4722; x_wconf 89' lang='lat' dir='ltr'><strong>omnes</strong></span> <span class='ocrx_word' id='word_1_497' title='bbox 760 4668 793 4720; x_wconf 92' lang='lat' dir='ltr'><em>H</em></span> <span class='ocrx_word' id='word_1_498' title='bbox 804 4672 813 4739; x_wconf 82' lang='grc' dir='ltr'><strong>ΙΙ</strong></span> <span class='ocrx_word' id='word_1_499' title='bbox 827 4676 861 4723; x_wconf 85' lang='grc'><strong>24</strong></span> <span class='ocrx_word' id='word_1_500' title='bbox 880 4672 975 4739; x_wconf 90' lang='lat' dir='ltr'><strong>potest</strong></span> <span class='ocrx_word' id='word_1_501' title='bbox 994 4713 999 4724; x_wconf 93' lang='lat'>.</span> <span class='ocrx_word' id='word_1_502' title='bbox 1021 4711 1027 4722; x_wconf 92' lang='lat'><strong>.</strong></span> <span class='ocrx_word' id='word_1_503' title='bbox 1047 4712 1053 4724; x_wconf 91' lang='lat'><strong>.</strong></span> <span class='ocrx_word' id='word_1_504' title='bbox 1073 4668 1226 4723; x_wconf 84' lang='lat' dir='ltr'><strong>consulturi</strong></span> <span class='ocrx_word' id='word_1_505' title='bbox 1245 4671 1339 4722; x_wconf 89' lang='lat' dir='ltr'><strong>essent</strong></span> <span class='ocrx_word' id='word_1_506' title='bbox 1357 4670 1455 4722; x_wconf 79' lang='lat' dir='ltr'><strong>tabent</strong></span> <span class='ocrx_word' id='word_1_507' title='bbox 1476 4668 1502 4720; x_wconf 94' lang='grc' dir='ltr'><em>Τ</em></span> <span class='ocrx_word' id='word_1_508' title='bbox 1516 4669 1548 4722; x_wconf 88' lang='lat' dir='ltr'><strong>in</strong></span> 
     </span>
     <span class='ocr_line' id='line_1_46' title="bbox 268 4739 1546 4880; baseline 0.004 -19"><span class='ocrx_word' id='word_1_509' title='bbox 268 4739 1139 4880; x_wconf 61' lang='lat' dir='ltr'><strong>tardi.ttdrtttttdtttattttttt:</strong></span> <span class='ocrx_word' id='word_1_510' title='bbox 1156 4739 1524 4866; x_wconf 52' lang='lat' dir='ltr'><strong>terrineam</strong></span> <span class='ocrx_word' id='word_1_511' title='bbox 1539 4802 1546 4807; x_wconf 26' lang='grc' dir='ltr'><em>υ</em></span> 
     </span>
    </p>
   </div>
   <div class='ocr_carea' id='block_1_7' title="bbox 0 0 1702 5422">
    <p class='ocr_par' dir='ltr' id='par_1_10' title="bbox 0 0 1702 5422">
     <span class='ocr_line' id='line_1_47' title="bbox 0 0 1702 5422; baseline 0 0"><span class='ocrx_word' id='word_1_512' title='bbox 0 0 1702 5422; x_wconf 95' lang='lat' dir='ltr'><strong> </strong></span> 
     </span>
    </p>
   </div>
  </div>
 </body>
</html>
