3396 5422
251 333 339 390 XLIV
777 333 994 389 PRAEFATIO.

253 500 338 564 alius
369 499 556 584 interpretis
588 499 628 563 ad
658 499 787 563 eosdem
818 498 957 584 Vergilii
992 519 1104 563 versus
1136 496 1273 576 scholia,
1303 519 1385 583 quae
1414 500 1531 582 postea

253 606 381 670 demum
406 626 477 669 cum
502 602 657 669 Serviano
686 604 916 669 commentario
946 604 1118 667 coniuncta
1146 604 1223 688 sint,
1251 603 1376 670 Isidoro
1400 605 1440 668 ad
1463 627 1530 669 ma·

252 735 330 776 num
360 712 458 776 fuisse
487 712 567 795 dixi,
594 712 627 775 id
656 712 729 775 aliis
759 713 858 776 etiam
886 711 1041 794 exemplis
1073 710 1302 775 confirmatur.⁸
1332 711 1434 775 veluti
1465 710 1529 774 duo

253 818 417 902 originum
446 817 523 899 loci,
554 818 610 902 qui
641 820 717 881 sunt
744 817 822 882 XIV
849 819 884 901 4,
913 818 956 881 22
987 816 1060 880 ‘alii
1090 815 1341 883 Etruriam
1371 811 1437 881 ἀπὸ
1467 816 1531 880 τοῦ

252 924 375 989 θῦσαι’
404 928 437 988 61
464 923 575 989 XVIII
600 925 632 1007 7,
663 925 705 1008 7,
729 945 800 988 cum
830 922 962 988 scholiis
991 922 1030 986 ad
1059 920 1139 987 Aen.
1167 921 1196 985 X
1230 924 1292 987 164
1320 927 1352 987 61
1379 922 1532 989 711741

253 1031 474 1115 66666611661,
502 1052 583 1115 6666
606 1029 723 1095 Daniel
751 1052 816 1095 non
846 1053 863 1094 6
891 1028 1090 1094 Floriacensi
1119 1028 1242 1114 codice,
1270 1030 1325 1113 qui
1352 1030 1532 1114 pleniorem

254 1138 309 1223 qui
332 1141 466 1202 vocatur
490 1135 593 1203 Servii
620 1137 888 1203 commentarium
916 1136 1061 1220 exhibet,
1089 1136 1146 1200 sed
1175 1158 1213 1199 ex
1236 1134 1417 1200 Turonensi
1445 1135 1531 1201 libro

254 1244 366 1326 edidit,
390 1245 445 1328 qui
469 1243 573 1309 Servii
597 1243 720 1309 scholia
747 1243 810 1306 nisi
838 1243 949 1327 paucis
981 1243 1060 1308 locis
1086 1264 1153 1307 non
1181 1241 1325 1327 habet¹)
1364 1246 1533 1327 praeterea

254 1349 399 1414 Isidorus
423 1349 546 1416 scholia
569 1351 700 1434 aliquot,
723 1372 804 1434 quae
818 1351 947 1435 quidem
967 1350 1001 1413 in
1020 1349 1220 1434 plenioribus
1239 1349 1333 1414 libris
1357 1353 1478 1434 extant,
1497 1350 1533 1415 in

254 1456 397 1540 orIgines
420 1458 603 1542 transtulit,
627 1456 817 1521 Servianum
842 1457 1000 1521 scholium
1020 1456 1061 1520 ad
1081 1455 1192 1520 eadem
1215 1459 1331 1539 poetae
1355 1456 1454 1521 verbs
1476 1455 1533 1520 ad-

255 1563 412 1648 scriptum
439 1564 590 1649 neglexit.
631 1562 670 1628 cf.
699 1586 744 1628 or.
772 1562 819 1626 IX
847 1564 882 1647 2,
912 1565 953 1627 74
983 1562 1124 1646 ‘Pelasgi
1223 1561 1470 1628 commemorat'
1499 1567 1534 1627 et

256 1668 335 1733 Aen.
358 1668 438 1734 VIII
463 1670 539 1754 600,
564 1693 610 1735 61.
638 1669 685 1734 XI
716 1671 748 1753 1,
778 1670 818 1733 79
849 1672 881 1733 61
909 1668 990 1733 Aen.
1017 1668 1033 1733 Ι
1057 1669 1136 1753 211,
1165 1691 1210 1732 61.
1238 1667 1317 1733 XIII
1345 1670 1401 1752 21,
1429 1670 1472 1734 26
1500 1674 1534 1734 61

256 1775 335 1841 466.
359 1777 406 1840 XI
428 1777 506 1862 457,
531 1799 576 1842 61.
603 1775 682 1840 XVI
706 1777 764 1860 20,
796 1776 834 1839 11
866 1780 899 1841 61
926 1775 1008 1839 Aen.
1036 1774 1156 1860 1448,
1184 1796 1228 1838 61.
1257 1773 1353 1840 XVII
1376 1777 1410 1860 6,
1436 1777 1476 1842 18
1501 1780 1534 1840 61

257 1881 336 1947 Aen.
359 1881 407 1947 IV
431 1884 505 1948 242.
542 1883 680 1967 denique
703 1883 789 1946 haud
808 1904 912 1966 pauca
930 1904 1042 1946 eorum
1062 1902 1144 1965 6666
1167 1880 1350 1964 spleniore
1374 1904 1533 1948 commen·

255 1989 337 2054 16116
361 1989 515 2063 Isidorus,
529 1989 747 2074 adsumpsisse
776 1989 901 2053 videtur
929 1989 968 2052 ad
997 1986 1135 2072 Vergilii
1164 2008 1275 2052 versus
1303 1989 1467 2072 pertinent
1494 1990 1533 2054 de

257 2094 373 2178 quibus
406 2093 538 2158 Servius
568 2094 639 2179 ipse
669 2094 750 2159 nihil
779 2095 868 2159 dixit.
906 2094 945 2158 cf.
976 2117 1021 2159 61.
1049 2092 1095 2157 IX
1119 2095 1153 2176 2,
1183 2094 1224 2158 73
1254 2098 1287 2158 61
1316 2094 1396 2159 Aen.
1424 2095 1441 2160 I
1468 2096 1533 2160 242

99 2236 102 2244 -
228 2251 230 2255 .
258 2201 314 2286 (of.
338 2200 513 2265 Kettnerus
538 2201 621 2266 stud.
644 2199 782 2267 Varron.
806 2225 836 2285 p.
864 2200 933 2287 19),
958 2223 1003 2265 61.
1027 2199 1074 2264 IX
1098 2201 1131 2283 2,
1156 2201 1198 2263 74
1221 2199 1352 2266 ‘Graeci
1375 2224 1451 2267 vero
1472 2253 1479 2268 .
1499 2250 1534 2267 ..

255 2306 375 2371 dictos'
399 2311 431 2371 et
456 2306 534 2371 Aen.
557 2307 573 2371 I
598 2309 675 2391 624,
704 2331 749 2373 61.
772 2308 818 2372 IX
842 2311 876 2392 2,
907 2309 970 2372 106
994 2306 1130 2372 611466.
1154 2305 1234 2370 VIII
1259 2308 1337 2391 650,
1366 2331 1410 2374 61.
1434 2308 1480 2373 IX
1504 2309 1534 2392 3,

255 2416 298 2479 22
323 2418 355 2479 61
377 2413 458 2478 Aen.
483 2413 512 2478 X
537 2415 615 2498 370,
639 2438 685 2479 61.
709 2415 756 2480 XI
783 2417 814 2498 1,
838 2417 878 2479 61
905 2418 937 2479 61
961 2415 1041 2479 Α66.
1066 2414 1114 2478 XI
1138 2411 1250 2501 490²);
1275 2436 1320 2479 or.
1343 2414 1390 2479 XI
1417 2416 1533 2499 1,123

256 2520 543 2605 6146611167,
574 2543 618 2585 61.
642 2521 706 2586 XII
736 2524 768 2606 7,
799 2521 929 2586 75-78
959 2525 991 2585 61
1020 2521 1100 2585 Aen.
1122 2521 1171 2584 III
1195 2521 1273 2603 246,
1302 2542 1346 2585 61.
1374 2521 1454 2585 XIII
1484 2523 1535 2609 18,

259 2627 280 2690 1)
304 2631 336 2691 61
360 2626 439 2692 466.
463 2626 513 2691 ΠΙ
536 2628 600 2714 421
620 2631 659 2692 'et
681 2629 762 2712 423,
786 2651 832 2693 61.
856 2628 933 2693 XIV
958 2629 991 2712 0,
1014 2628 1058 2691 44
1087 2631 1119 2692 61
1146 2625 1289 2713 Philarg.
1318 2626 1356 2691 ad
1385 2646 1496 2712 georg.
1519 2627 1535 2692 I

259 2733 337 2817 309,
362 2756 406 2797 61.
430 2732 508 2798 XIV
532 2734 566 2817 8,
596 2734 636 2798 18
661 2738 693 2798 61
716 2733 858 2818 Philarg.
887 2735 927 2798 ad
950 2754 1060 2819 georg.
1083 2732 1132 2797 III
1155 2733 1234 2817 474,
1263 2754 1308 2797 61.
1331 2733 1409 2798 XIV
1433 2734 1467 2815 8,
1491 2733 1534 2797 38

259 2842 292 2903 61
315 2839 396 2914 Aen,
419 2838 465 2903 XI
489 2840 553 2903 326
579 2836 632 2926 (cf.
655 2838 736 2905 Aen.
759 2841 791 2904 Π
818 2839 888 2926 16),
913 2863 958 2905 61.
981 2838 1043 2905 XV
1067 2840 1101 2922 2,
1126 2839 1211 2922 666.
1235 2843 1268 2903 61
1292 2839 1372 2903 Aen.
1390 2838 1436 2903 IX
1456 2839 1520 2905 608

256 2969 301 3010 61.
325 2946 388 3010 XV
412 2949 445 3030 2,
469 2948 512 3012 32
536 2950 568 3010 61
591 2947 670 3011 Aen.
694 2947 710 3011 I
733 2949 790 3031 20,
814 2970 860 3012 61.
882 2945 943 3010 XV
968 2948 1002 3029 3,
1028 2947 1069 3009 12
1093 2949 1126 3009 61
1149 2947 1230 3010 Aen.
1250 2945 1282 3009 ΙΙ
1304 2946 1384 3030 464,
1408 2968 1453 3010 or.
1471 2944 1534 3010 XV

258 3053 312 3133 16,
336 3054 356 3115 0
380 3056 413 3116 61
436 3053 517 3118 Α66.
539 3053 555 3117 Ι
578 3053 656 3138 422,
689 3076 733 3119 61.
756 3053 835 3119 XVI
859 3055 917 3138 20,
948 3053 986 3116 11
1013 3057 1045 3117 61
1068 3051 1148 3117 Aen.
1170 3051 1187 3114 I
1210 3052 1288 3137 448,
1314 3074 1359 3116 61.
1384 3052 1481 3117 XVII
1504 3054 1533 3135 6,

256 3158 298 3221 26
327 3162 359 3221 61
386 3157 466 3223 Aen.
489 3160 504 3223 Ι
530 3159 606 3244 176,
636 3182 680 3224 61.
709 3159 803 3225 XVII
827 3161 861 3245 9,
885 3160 927 3224 29
957 3160 995 3223 de
1023 3159 1187 3223 dictamno
1206 3159 1350 3223 Isidorus
1379 3159 1533 3244 loquitur.

256 3264 383 3328 videtur
407 3264 530 3329 scholio
553 3265 662 3350 aliquo
687 3266 727 3330 ad
749 3265 829 3330 Aen.
852 3265 902 3331 IV
927 3265 983 3349 72,
1005 3286 1101 3349 quem
1120 3286 1250 3329 versum
1273 3265 1432 3349 laudavit,
1455 3288 1532 3331 6666

256 3392 335 3435 6666.
372 3371 429 3436 sed
453 3372 493 3435 ad
517 3373 603 3436 hunc
631 3372 738 3457 ipsum
762 3394 924 3457 perpauca
951 3372 1114 3455 adscripta
1138 3375 1227 3455 6661,
1254 3372 1349 3456 plura
1372 3373 1410 3437 de
1433 3373 1534 3438 herba

255 3477 312 3541 illa
337 3477 416 3542 Aen.
439 3477 488 3543 III
513 3479 573 3542 171
605 3481 638 3542 61
661 3479 725 3543 XII
748 3480 813 3543 412
841 3479 1063 3563 inveniuntur,
1095 3501 1139 3543 or.
1163 3476 1274 3541 XVIII
1297 3479 1331 3561 2,
1356 3478 1374 3542 7
1399 3482 1432 3542 61
1454 3478 1534 3544 Aen.

256 3582 271 3645 I
297 3585 352 3666 70,
381 3606 425 3647 61.
453 3583 530 3648 XIX
560 3585 614 3668 28,
640 3586 660 3649 6
689 3606 770 3667 6666
799 3586 837 3650 (16
861 3586 1026 3668 ferrugine
1054 3585 1142 3648 dicta
1170 3587 1246 3647 sunt
1275 3606 1387 3650 eorum
1415 3606 1491 3667 pars
1516 3607 1533 3648 6

256 3686 358 3753 Servii
382 3689 422 3753 ad
447 3687 526 3753 Aen.
550 3689 597 3754 IX
621 3690 685 3755 582
708 3695 766 3755 aut
789 3693 829 3756 ad
858 3712 969 3776 georg.
993 3691 1009 3755 I
1032 3691 1098 3755 466
1127 3690 1265 3775 66116116,
1293 3714 1370 3775 pars
1399 3713 1437 3754 ex
1465 3692 1532 3774 ple-

256 3795 348 3858 niore
372 3796 602 3859 commentario
628 3796 668 3859 ad
691 3796 771 3860 Aen.
795 3797 843 3860 XI
868 3798 931 3861 772
956 3795 1078 3860 adscita
1102 3799 1159 3860 661.

346 3898 510 3966 Confiteor
537 3902 622 3966 inter
644 3903 733 3967 locos
762 3924 842 3987 6666
865 3903 962 3967 modo
987 3903 1171 3968 enumeravi
1201 3901 1288 3966 haud
1312 3925 1433 3986 paucos
1462 3925 1533 3969 esse

216 4022 219 4028 '
257 4029 394 4092 quorum
419 4029 610 4071 consensum
639 4009 694 4072 alii
717 4008 764 4072 116
791 4009 909 4072 1661166
933 4010 1091 4092 explicare
1114 4010 1178 4073 sibi
1201 4008 1409 4093 videbuntur,
1432 4014 1469 4074 61
1492 4009 1532 4074 ed

257 4114 389 4177 eandem
413 4116 446 4176 et
467 4112 628 4177 Isidorum
656 4120 690 4178 et
717 4137 790 4179 eum
820 4115 876 4199 qui
899 4116 1078 4199 pleniorem
1107 4116 1375 4181 commentarium
1404 4137 1534 4200 compo-

257 4222 323 4285 suit
346 4220 573 4285 auctoritatem
597 4243 631 4285 66
656 4220 834 4304 adplioasse
857 4222 981 4286 dicant:
1005 4244 1108 4306 neque
1131 4222 1182 4287 his
1201 4244 1399 4308 magnopere
1424 4223 1533 4288 adver·

256 4395 468 4405 -..,-..----

329 4524 354 4589 1)
374 4523 498 4575 ceterum
516 4518 642 4574 dubitari
658 4520 753 4590 potest
775 4537 842 4574 num
860 4519 984 4574 Isidorus
1003 4523 1032 4575 61
1055 4520 1224 4576 Turonensis
1249 4518 1416 4574 scholiastes
1435 4519 1534 4590 Vergi-

122 4652 125 4659 ,
258 4599 364 4654 lianum
383 4601 505 4670 aliquem
526 4598 756 4653 commentarium
776 4599 820 4653 his
839 4599 908 4655 locis
929 4601 1133 4672 exscripserint.
1225 4602 1252 4669 2)
1271 4598 1357 4654 verba
1376 4616 1447 4668 quae
1468 4604 1534 4655 sunt

260 4678 366 4734 ‘cervix
384 4683 478 4734 autem
497 4695 612 4733 numero
633 4679 800 4749 ...sange
820 4679 954 4736 cervices’
977 4678 1072 4735 Servio
1091 4680 1126 4734 ad
1147 4682 1214 4735 Aen.
1234 4679 1259 4733 ll
1279 4684 1343 4745 707,
1368 4695 1450 4746 quem
1475 4678 1533 4735 diff.

257 4759 333 4814 verb.
355 4766 405 4815 118
425 4758 585 4829 exscripsit,
609 4760 694 4814 debet
712 4757 842 4815 Isidorus.
