3396 5422
270 371 335 436 574
845 371 964 430 snnvn

270 540 380 620 [potest
400 541 441 620 et]
466 544 600 624 propter
618 540 698 605 illud
722 541 808 626 quod
830 543 865 608 in
887 542 1070 608 foederibus
1093 541 1236 607 similiter
1262 546 1393 608 cautum
1419 547 1481 621 est,
1507 546 1546 609 ut

269 643 401 710 Corsica
425 649 512 710 esset
534 647 640 711 media
663 648 749 713 inter
770 649 935 715 Romanos
959 653 991 714 et
1015 647 1309 734 Carthaginienses.

357 753 431 818 629.
467 771 633 819 rvensnr
661 772 799 833 resrova
830 774 989 822 narorns
1020 759 1130 839 potest
1160 758 1194 821 et
1227 756 1266 820 ad
1298 756 1393 821 civile
1425 756 1548 821 bellum

267 859 390 924 referri.

232 985 248 1032 5
356 969 429 1034 632.
462 987 637 1034 Bnnv1rnn
665 971 873 1036 festinatione
903 973 1032 1037 mortis:
1065 971 1162 1036 simul
1194 972 1295 1036 nectit
1324 993 1455 1036 causam
1482 993 1550 1036 mo-

267 1098 374 1141 rarum
399 1080 432 1140 et
455 1077 519 1161 ipsi
542 1081 575 1141 et
598 1079 711 1143 sorori.
804 1106 919 1146 oraora
944 1079 998 1144 hoc
1024 1098 1187 1162 cognonen
1212 1079 1355 1159 familiae
1382 1079 1550 1144 Hanniba-

268 1183 307 1248 la's
327 1183 398 1263 fnit.

357 1291 431 1357 633.
467 1319 573 1358 raram
596 1319 723 1367 ruriam
747 1295 801 1359 boe
822 1300 867 1359 est
891 1295 1001 1378 Tyros,
1028 1316 1105 1383 oreae
1126 1299 1198 1357 ante
1219 1295 1285 1358 nus
1301 1295 1411 1376 patria
1431 1294 1503 1374 fnit.

312 1416 382 1465 ch
407 1417 504 1465 siser:
528 1402 591 1467 huc
615 1402 731 1485 adduc,
758 1406 796 1466 ut
819 1400 921 1484 <VIII
950 1402 1013 1486 85>
1043 1408 1081 1467 et
1109 1424 1190 1466 cum
1220 1420 1337 1485 grege
1365 1401 1475 1465 sistit
1503 1400 1547 1465 ad

215 1520 248 1569 10
267 1529 381 1573 aram.
428 1507 504 1573 hinc
527 1512 560 1573 et
589 1507 758 1574 ‘sistatur’
789 1510 941 1594 dicimus,
971 1510 1003 1574 id
1033 1514 1083 1574 est
1106 1509 1296 1574 adducatur:
1324 1530 1399 1572 nam
1427 1506 1548 1572 ‘stare’

268 1615 356 1679 aliud
382 1618 438 1680 est
483 1638 542 1680 nec
566 1618 662 1682 aliter
686 1639 858 1701 possumus
882 1618 996 1699 dicere,
1021 1639 1117 1700 quam
1141 1616 1212 1680 ‘sta
1234 1614 1314 1694 bic'‚
1338 1613 1436 1678 ‘siste
1459 1613 1548 1679 buc'.

267 1721 354 1786 fallit
373 1725 483 1788 autem
502 1725 691 1809 plerumque
714 1725 804 1789 verbi
825 1724 1014 1807 similitudo,
1033 1723 1110 1808 quia
1128 1724 1264 1788 dicimus
1284 1721 1359 1787 ‘sto’
1380 1726 1413 1786 et
1432 1720 1549 1806 ‘sist0',
1648 1801 1650 1805 ι

267 1850 339 1893 cum
363 1829 491 1895 diversa
514 1831 705 1918 significent.

356 1936 430 2000 635.
466 1963 573 2003 scarus
591 1965 739 2004 rnoraaar
756 1965 779 2004 r.
799 1965 820 2003 s.
840 1967 864 2004 a.
887 1939 967 2003 bona
989 1943 1032 2002 est
1048 1938 1206 2002 industria
1223 1935 1278 2000 hoe
1296 1936 1366 2014 loca,
1385 1937 1461 2018 qnia
1479 1956 1548 2000 cnm

215 2055 248 2103 15
266 2063 386 2108 nunant
416 2045 488 2109 uelit
517 2046 599 2127 fieri,
631 2066 667 2109 ea
700 2047 847 2128 legantur,
880 2051 915 2110 nt
944 2045 1091 2125 festinare
1119 2045 1267 2108 uideatur.
1365 2059 1546 2108 sensenna

267 2168 408 2214 LYMPHA
432 2152 651 2216 sacrificantes
676 2152 737 2217 diis
765 2153 878 2217 inferis
907 2151 1163 2236 aspergebantur
1186 2171 1281 2232 aqna,
1312 2154 1348 2215 ut
1370 2149 1547 2233 <V1230>

267 2278 457 2343 spargens
475 2280 562 2323 rore
580 2259 659 2323 levi
679 2264 715 2323 et
733 2281 836 2324 ramo
856 2259 988 2324 felicis
1007 2259 1149 2342 olivae3
1174 2258 1298 2341 superis
1318 2258 1546 2342 abluebantur,

266 2366 304 2427 ut
326 2363 381 2447 <11
406 2365 490 2447 719>
514 2365 633 2431 donec
657 2389 711 2431 me
735 2367 896 2431 flumine
920 2367 1008 2431 vivo
1033 2366 1209 2431 abluero:
1239 2365 1333 2430 modo
1362 2368 1470 2429 autem
1500 2365 1547 2427 in·

266 2469 347 2535 feris
371 2471 543 2557 sacrificat,
567 2477 603 2538 ut
628 2471 737 2538 ‘sacra
761 2474 830 2538 lori
856 2472 999 2559 Stygio’.

214 2591 248 2639 20
356 2578 430 2643 636.
467 2605 637 2645 nousraarr
658 2582 704 2645 cel
726 2602 803 2662 qnae
830 2583 899 2662 elna
927 2582 1109 2663 nronstranc',
1136 2581 1182 2645 uel
1208 2600 1285 2660 qnae
1311 2581 1458 2644 sacerdm.

267 2701 417 2751 Piacvnn
440 2686 664 2770 purgationes:
688 2688 769 2751 alias
795 2688 973 2770 sacrilegia.

327 2790 332 2805 '
358 2794 431 2858 637.
469 2809 522 2858 sle
546 2811 678 2858 vnnrsr
696 2795 951 2875 quemadmodum
967 2798 1163 2875 praeemtnrn
1181 2799 1240 2858 est:
1263 2816 1303 2858 ne
1323 2794 1547 2876 praemitteret

267 2904 324 2966 aut
347 2900 560 2984 praecederet.
650 2917 739 2966 rnen
763 2923 890 2980 corona,
913 2905 951 2965 ut
974 2905 1006 2966 et
1029 2901 1100 2985 ipsa
1122 2900 1275 2966 tardaret.

356 3008 429 3074 638.
467 3033 556 3072 sacua
581 3006 735 3073 ‘sanam'
759 3014 803 3073 est
824 3010 906 3090 qarod
926 3009 969 3072 ad
990 3009 1060 3072 deos
1076 3009 1219 3090 pertinet,
1243 3005 1443 3089 ‘profanam'
1467 3009 1549 3089 qnod

215 3128 248 3175 ab
268 3117 311 3179 ud
331 3115 476 3180 tornines.
566 3134 642 3181 10V1
665 3132 791 3181 srrelo
815 3116 876 3181 hoo
900 3119 950 3179 est
977 3115 1118 3180 Plutoni.
1164 3119 1197 3178 et
1225 3115 1390 3178 sciendum
1419 3111 1545 3179 Stoicos

268 3224 371 3287 dicere
396 3246 494 3287 unum
519 3245 589 3287 esse
612 3224 715 3306 deum,
739 3223 791 3287 cui
813 3223 947 3287 nomina
975 3223 1143 3286 variantur
1169 3244 1229 3305 pro
1259 3221 1386 3286 actibus
1415 3227 1447 3286 et
1478 3221 1548 3285 offi-

269 3331 336 3395 ciis.
382 3331 466 3394 unde
490 3331 587 3395 etiam
612 3329 749 3413 duplicis
775 3351 868 3392 sexus
892 3329 1027 3393 numina
1055 3351 1125 3392 esse
1153 3327 1318 3407 dicuntur,
1346 3331 1383 3391 ut
1411 3349 1484 3392 cum
1514 3328 1546 3390 in

341 3532 373 3579 16
394 3524 581 3579 sacrificantes
601 3567 607 3579 .
628 3567 634 3580 .
655 3565 661 3576 .
682 3523 793 3593 Stygio]
813 3522 847 3576 cf.
866 3523 989 3577 Macrcb.
1010 3523 1068 3577 Sat.
1089 3522 1135 3591 ΙΙΙ,
1155 3527 1180 3590 1,
1197 3528 1212 3575 1
1227 3523 1236 3591 ΙΙ
1250 3527 1284 3575 24
1303 3538 1411 3576 sacrum
1431 3565 1437 3578 .
1459 3564 1464 3575 .
1485 3560 1492 3573 .
1511 3520 1546 3575 ad

267 3597 407 3667 homines]
431 3596 465 3650 cf.
485 3596 608 3651 Macrob.
631 3594 687 3648 Sat.
707 3593 745 3648 Ill
765 3600 829 3663 3,2
857 3595 867 3664 ΙΙ
893 3600 927 3648 25
951 3596 981 3648 et
1003 3594 1145 3648 sciendum
1167 3635 1172 3647 .
1193 3637 1198 3649 .
1219 3637 1225 3648 .
1243 3592 1336 3661 divisa
1354 3592 1435 3663 facit]
1461 3609 1545 3647 exser.

268 3669 407 3762 mythogr.
428 3668 453 3720 Il
472 3671 501 3721 et
519 3667 557 3720 Ill
576 3668 605 3720 in
623 3666 780 3736 prooemiis.

340 3854 352 3900 1
373 3847 467 3915 potest
486 3847 515 3900 et
532 3846 623 3900 ornisit
641 3845 745 3900 Daniel
767 3848 776 3915 ΙΙ
799 3844 928 3898 similiter
946 3844 1064 3898 Daniel:
1085 3843 1269 3911 similiterque
1288 3843 1318 3896 F
1338 3846 1347 3913 ΙΙ
1371 3845 1483 3897 cautum
1503 3845 1545 3897 est

267 3918 301 3971 N
303 3918 341 3971 L:
362 3920 474 3972 eautum
494 3920 554 3972 erat
567 3917 597 3970 F
623 3919 665 3972 est
684 3919 796 3971 cautum
816 3917 850 3968 H
874 3915 1011 3969 sancitum
1030 3917 1073 3969 est
1093 3917 1126 3968 M
1156 3915 1213 3970 scin
1233 3916 1276 3968 est
1295 3916 1356 3984 1113
1375 3934 1545 3976 sarorssovs

269 3989 299 4042 F
310 3991 319 4058 ΙΙ
334 3997 349 4043 6
369 3990 407 4043 ad
424 3988 531 4043 Barcen
549 4005 625 4058 snpr.
644 4006 711 4043 cers.
730 3989 784 4042 boc
803 3986 969 4056 cognomine
988 3987 1097 4041 familia
1114 3986 1274 4041 hannibalis
1295 3986 1350 4040 fuit
1370 3986 1395 4038 Τ
1406 3989 1416 4054 ΙΙ
1430 3986 1544 4040 anniba-

243 4113 248 4120 ,
267 4061 302 4114 lis
318 4061 369 4130 Fu
383 4067 399 4115 8
414 4062 451 4114 ad
470 4060 564 4131 patria
578 4060 694 4130 antiqua
708 4077 783 4128 supr.
798 4076 864 4113 cers.
883 4060 962 4128 tyrus
981 4058 1030 4112 ubi
1049 4059 1108 4112 eius
1126 4060 1220 4128 patria
1238 4056 1292 4111 fuit
1311 4058 1394 4111 antea
1412 4058 1456 4128 Tu
1470 4065 1486 4112 9
1501 4077 1545 4111 mc

267 4133 298 4186 H
310 4135 320 4202 l
335 4133 389 4188 buc
408 4132 510 4203 adduc]
530 4133 566 4186 ad
584 4131 675 4186 adhuc
696 4131 726 4184 F
741 4133 750 4201 ΙΙ
773 4131 875 4198 adduc]
895 4130 986 4183 adhuc
1005 4131 1063 4198 Hl
1086 4130 1208 4200 etcum]
1229 4147 1291 4183 cum
1311 4146 1325 4182 e
1344 4130 1413 4183 NH
1437 4147 1501 4183 curn
1519 4130 1545 4182 L

266 4221 329 4257 curn
349 4206 378 4258 et
396 4205 434 4258 M
445 4206 455 4274 ΙΙ
470 4203 549 4258 sistet
567 4204 600 4257 N
603 4204 667 4256 ΕΗ
678 4204 688 4271 ΙΙ
702 4209 735 4256 12
754 4202 836 4258 fallet
855 4202 905 4271 Fu
918 4201 1066 4271 plerosque
1087 4200 1154 4256 Fet
1166 4202 1322 4270 Stephanus
1335 4204 1344 4271 ΙΙ
1358 4203 1387 4254 et
1406 4200 1474 4255 sisto
1493 4219 1543 4255 orn.

266 4275 636 4344 nuncupaverunt.
657 4277 677 4344 l)
700 4277 710 4345 ΙΙ
735 4281 768 4328 14
787 4293 886 4328 cerneus
905 4317 912 4330 .
933 4315 938 4326 .
959 4315 964 4326 .
985 4273 1114 4327 rideatur
1132 4290 1189 4328 non
1207 4275 1292 4328 edidit
1310 4273 1414 4327 Daniel
1436 4274 1446 4341 ΙΙ
1467 4290 1543 4341 snpr.

266 4363 333 4402 vers,
353 4353 404 4401 635
424 4347 498 4401 bona
517 4348 559 4400 est
579 4389 584 4400 .
604 4389 610 4400 .
632 4391 636 4401 .
657 4347 786 4401 uideatur
808 4346 851 4415 ΤΗ
870 4347 913 4399 est
931 4361 981 4399 orn.
1001 4345 1031 4397 F
1043 4347 1052 4414 ΙΙ
1070 4344 1124 4400 boc
1142 4345 1205 4400 loco
1225 4344 1291 4413 quia
1309 4361 1358 4398 one¹
1378 4345 1408 4396 F
1419 4347 1429 4414 ΙΙ
1449 4349 1482 4399 16
1501 4344 1544 4397 dis

266 4418 331 4471 LH
341 4420 351 4488 ΙΙ
367 4425 399 4472 17
415 4435 529 4488 sparges
544 4418 577 4470 N
578 4418 644 4470 ΕΗ
653 4419 663 4485 ΙΙ
677 4424 711 4472 20
730 4419 767 4472 ud
786 4418 941 4471 monstrata
958 4433 1033 4485 supr.
1048 4433 1115 4472 cers.
1135 4417 1182 4470 uel
1200 4433 1271 4484 quae
1353 4416 1481 4470 sacerdos
1498 4416 1524 4468 Τ
1536 4418 1545 4487 ll

267 4495 299 4542 21
320 4490 494 4559 purgationis
512 4489 545 4542 N
559 4490 569 4557 ΙΙ
590 4488 673 4559 alias]
699 4489 803 4545 atalia
821 4489 847 4541 L
874 4489 902 4542 et
921 4487 991 4542 alias
1010 4489 1020 4542 l
1039 4490 1049 4558 11
1070 4487 1230 4557 sacrilegia]
1251 4487 1387 4541 sacrificia
1404 4487 1435 4540 F
1460 4486 1544 4542 sacri·

266 4560 343 4630 legia
366 4563 416 4615 aut
439 4559 575 4615 sacrificia
593 4561 697 4614 Daniel
711 4563 821 4628 prienen
843 4563 853 4629 ΙΙ
880 4566 913 4613 22
933 4560 970 4613 ad
989 4559 1029 4613 sic
1047 4561 1142 4614 veniat
1159 4576 1234 4628 snpr.
1254 4575 1320 4613 vers.
1339 4557 1368 4612 id
1387 4560 1431 4613 est
1448 4575 1544 4627 quem-

266 4632 416 4687 admodum
500 4632 679 4701 praecederet
696 4632 740 4702 ΤΗ
754 4631 979 4703 praemitteretur
998 4631 1032 4683 H
1053 4631 1293 4700 praetermitteret
1312 4630 1475 4684 Macrinus.
1504 4647 1543 4684 ce·

266 4708 353 4758 ternrn
376 4722 410 4759 ne
435 4703 629 4774 praemitteret
653 4705 703 4757 aut
725 4703 906 4774 praecederet
923 4704 1023 4756 scilieet
1044 4703 1173 4770 ‘pecudes
1191 4707 1215 4755 et
1232 4707 1385 4756 monstrata
1402 4703 1544 4770 piacula'‚

265 4776 297 4829 id
315 4781 365 4841 est,
390 4792 424 4829 ne
442 4776 529 4829 Anna
552 4780 615 4829 ante
632 4777 747 4840 ueniret,
772 4793 854 4845 quarn
873 4775 949 4828 Dido
967 4791 1066 4828 manns
1084 4775 1138 4828 eibi
1155 4773 1332 4841 intertisam}
1355 4779 1390 4826 24
1409 4775 1446 4827 ad
1465 4791 1545 4828 sacra

265 4847 297 4900 in
310 4863 395 4916 marg.
411 4863 521 4901 sacrum
536 4847 611 4914 quod
626 4890 632 4902 .
645 4889 667 4901 ..
682 4847 810 4901 homines
827 4846 871 4916 Tl
884 4851 919 4900 25
934 4846 1041 4900 omines
1056 4845 1087 4898 F
1097 4848 1107 4914 ΙΙ
1127 4851 1161 4900 27
1176 4844 1282 4915 duplici
1297 4843 1357 4897 FL
1377 4845 1507 4914 (duplicis
1523 4847 1543 4915 l)
